2650 4896
263 473 325 546 ²94
531 405 693 522 rona
734 461 1036 521 axeoerrcaa

266 643 299 707 Τ
301 638 476 704 imoleonte
497 651 530 716 3.
553 650 585 718 8.
612 637 737 699 minime
760 635 863 698 nnrlto
885 635 1021 732 vestigio
1036 625 1221 730 servitutis.
1256 637 1301 699 ila

268 759 375 806 remen
397 753 468 824 apte
497 751 628 825 propter
649 734 809 824 superiora
830 740 870 802 ad
892 739 1046 827 angustiae
1070 739 1196 811 tranlit,
1229 759 1303 821 quae

267 845 346 908 inde
366 842 608 906 contrahantur.

435 1049 465 1128 ς.
493 1055 528 1128 4.
585 1041 927 1128 Chelonophagi)
964 1043 1032 1128 Qui
1053 1043 1164 1108 ostreis
1183 1040 1305 1104 vescun-

272 1163 342 1220 lor,
369 1147 578 1221 Atellaniae,
604 1167 683 1230 qnae
700 1146 817 1211 Graece
831 1141 965 1232 χελώνῃ
983 1147 1110 1210 dicitur.
1163 1145 1249 1216 Hae,
1271 1157 1305 1203 ut

272 1251 399 1314 Plinius
414 1249 469 1313 lib.
487 1269 521 1330 9.
540 1245 591 1338 [c.
607 1267 662 1313 ια.
680 1247 700 1310 i.
717 1243 791 1333 ro.]
814 1250 925 1317 tradit,
952 1247 1032 1310 adeo
1055 1249 1088 1309 in
1105 1245 1220 1309 Indico
1235 1245 1306 1306 meri

274 1369 408 1436 magnae
436 1349 525 1423 iunt,
559 1365 595 1412 ut
623 1351 811 1436 singularum
839 1347 998 1431 luperiicie
1022 1347 1213 1416 habitabiles
1234 1344 1306 1408 casn

276 1453 432 1537 integant.
487 1454 599 1516 Strabo
621 1453 676 1514 lib.
692 1454 745 1515 16.
762 1448 813 1539 [p.
826 1464 908 1530 532.
926 1450 946 1514 i.
959 1445 1064 1535 773.]
1087 1451 1170 1512 adeo
1186 1465 1307 1532 magnae

278 1553 312 1616 in
329 1555 391 1616 alio
406 1554 478 1617 loco
498 1555 627 1638 reperiri
646 1552 766 1625 scribit,
793 1567 829 1614 ut
846 1553 1090 1638 Chelonophagi
1110 1554 1145 1611 in
1169 1553 1216 1612 eie
1231 1550 1307 1610 nari·

279 1669 367 1742 gent.
394 1675 580 1719 vnnlnnve.
632 1657 681 1717 De
703 1653 839 1718 naribue
860 1655 945 1718 illem
968 1653 1101 1716 Pliniue.
1142 1654 1194 1714 De
1216 1649 1308 1711 ‹iomi-

280 1755 341 1819 bue
358 1771 391 1818 et
411 1757 484 1820 cibo
502 1760 535 1829 6,
560 1767 618 1834 28.
635 1755 657 1818 i.
675 1769 733 1836 24.
775 1759 824 1818 De
849 1755 920 1817 cibo
937 1757 1032 1818 etiam
1050 1756 1155 1816 Solio.
1174 1773 1240 1835 cap.
1258 1759 1308 1832 54.

281 1857 304 1922 i,
321 1871 380 1940 57.
418 1861 468 1922 De
483 1855 703 1944 magnitudine
720 1857 922 1926 testudinum,
943 1875 1023 1937 quae
1038 1855 1128 1925 cibis,
1152 1853 1240 1923 valia,
1262 1852 1309 1912 tlo-

281 1961 556 2034 rnibue,‚navibue
574 1959 753 2030 inserviant,
779 1960 880 2022 multa
897 1957 1042 2020 adferunt
1057 1959 1156 2020 etiarn
1175 1953 1309 2038 Agathar-

283 2061 392 2126 chides
410 2063 450 2122 de
471 2063 549 2124 mari
565 2063 663 2124 rubro
683 2081 753 2146 pag.
773 2070 830 2144 84.
853 2058 972 2140 (Hudl.
995 2058 1046 2121 [eu
1063 2060 1150 2142 apud
1166 2056 1308 2118 Phoriorn

284 2163 357 2225 eorl.
376 2175 458 2239 250.
478 2182 544 2246 cap.
567 2184 578 2223 ι
586 2181 620 2241 9.
638 2181 709 2248 pag.
732 2173 836 2242 ²35⁰·
856 2161 907 2224 ed.
923 2163 1067 2239 Schorti)
1094 2161 1234 2222 Diorlor.
1256 2156 1307 2216 Sie

286 2276 320 2343 8,
339 2279 396 2326 21.
422 2263 568 2326 Aelianus
578 2265 620 2326 H.
631 2265 669 2326 A.
685 2265 739 2335 16,
755 2279 809 2340 17.
836 2265 886 2325 De
900 2255 1032 2324 illorum
1047 2261 1242 2323 comestione
1253 2257 1308 2320 vid.

284 2381 365 2446 qnos
385 2363 490 2425 laudat
513 2364 633 2428 Buffon
655 2364 841 2449 allgemeine
857 2363 978 2426 Natur·
991 2363 1183 2425 Geichichre
1207 2361 1309 2442 (liero-

285 2461 363 2547 lini)
385 2465 425 2528 T.
443 2461 476 2528 6.
498 2487 529 2547 p.
547 2479 589 2544 5¹
602 2484 630 2530 1.
682 2465 724 2528 Ar
744 2467 778 2526 in
799 2465 926 2528 illorum
944 2464 1066 2525 sedibus
1082 2463 1244 2546 ponendie
1260 2460 1310 2519 dir·

287 2577 416 2646 crepant
440 2559 592 2630 auctoree.
645 2565 730 2629 Cum
760 2567 873 2629 Noster
902 2567 1119 2652 progrediatur
1144 2565 1186 2624 ab
1211 2561 1309 2623 indico

286 2668 365 2728 mari
380 2665 417 2726 ad
437 2687 521 2728 mare
540 2665 692 2737 rubrum,
720 2671 767 2730 uti
789 2667 883 2730 docet
897 2688 964 2750 cap.
982 2683 1015 2742 7.
1043 2665 1128 2748 quod
1145 2679 1253 2746 aperie
1272 2679 1309 2720 re·

286 2765 378 2848 ipicit
396 2765 500 2830 verbis
516 2766 557 2828 ab
573 2767 631 2838 his,
658 2789 738 2851 qnae
754 2769 901 2838 dixinms.
928 2787 1028 2851 prope
1043 2766 1205 2828 Perficurn
1223 2764 1310 2823 finum

288 2886 344 2930 eoe
366 2870 445 2950 p'oni
469 2869 669 2953 intelligitur.
722 2869 798 2932 Non
821 2871 922 2954 igilur
943 2871 1021 2931 circa
1045 2868 1211 2936 Arabiam,
1237 2861 1310 2946 quod

287 2967 393 3032 vlium
419 2982 484 3030 erat
512 2970 635 3032 Orrelio
661 2969 681 3033 i.
705 2993 737 3035 v.
765 2966 1021 3054 Chelonophagi.
1075 2968 1127 3032 Sic
1146 2968 1268 3030 Plinius
1284 2964 1310 3031 6.

290 3081 349 3149 98.
367 3069 388 3134 i.
405 3079 464 3151 24.
487 3071 525 3134 iis
549 3073 686 3155 arlirgnat
711 3073 905 3138 Carmaniae.
922 3071 1093 3156 angulum,
1126 3069 1185 3130 ubi
1214 3067 1312 3129 oron

288 3171 438 3234 Nearchi.
492 3172 576 3235 Curn
600 3173 706 3235 Plinio
726 3173 928 3238 consentiunt
945 3172 1080 3250 Solinue
1094 3191 1120 3232 c.
1139 3171 1162 3231 l.
1196 3167 1311 3230 Marcia·

287 3293 351 3337 nuo
368 3273 401 3334 in
418 3273 538 3356 periplo
554 3293 584 3356 p.
603 3289 663 3338 αα.
676 3273 806 3358 (Hudi.)
823 3288 855 3336 et
871 3275 1071 3337 Ptolemaeus
1086 3273 1118 3341 6.
1135 3281 1168 3346 8.
1204 3271 1309 3334 Contra

287 3371 402 3437 Strabo
419 3392 444 3435 c.
461 3375 482 3437 1.
503 3375 596 3454 ponit
609 3376 647 3436 ad
664 3377 787 3438 Arabici
807 3375 890 3438 finos
909 3376 1000 3444 leura,
1028 3375 1112 3455 qnod
1133 3372 1308 3452 Aethiopiae

288 3489 321 3535 et
336 3475 542 3558 Troglodyne
563 3475 696 3540 obiacet.
746 3477 849 3560 Atque
863 3477 902 3538 ho
916 3477 1011 3538 etiarn
1029 3473 1270 3560 Agatharchider
1284 3479 1309 3526 et

287 3575 454 3636 Diodorus
468 3594 512 3636 cc.
530 3577 562 3638 ll.
588 3576 735 3639 Arrianus
750 3597 805 3640 eoe
822 3579 913 3659 plane
930 3579 1098 3658 praeteriit.
1132 3573 1233 3636 Causa
1247 3574 1308 3630 haec

288 3675 349 3746 eli,
370 3667 466 3757 'quorl
489 3687 554 3738 tarn
578 3677 612 3739 in
633 3677 821 3761 Aethiopiae
840 3697 875 3741 ea
899 3692 1005 3761 perro,
1039 3695 1132 3758 quam
1157 3677 1191 3736 in
1214 3673 1307 3736 ludin

281 3776 370 3840 ¹mari
398 3775 526 3860 plicatio
554 3777 747 3840 testudinum
773 3777 835 3840 fuit
856 3777 995 3842 celebris.
1047 3779 1134 3839 Hinc
1156 3777 1191 3836 in
1212 3772 1307 3836 Indice

198 3878 202 3890 '
288 3878 368 3940 mari
383 3897 480 3960 prope
497 3879 708 3962 Taprobanen
731 3882 882 3944 rrrexirnaa
903 3880 1057 3963 procreari
1072 3892 1105 3940 et
1120 3877 1198 3960 capi,
1222 3879 1309 3936 narret

289 3977 439 4043 Aelianus
456 3980 497 4042 H.
514 3980 551 4042 A.
575 3983 626 4050 ιδ,
649 3995 756 4057 17.et
779 3983 819 4044 de
841 3981 1076 4066 Troglodytide
1098 3993 1152 4053 17,
1179 3991 1210 4055 3.
1250 3970 1307 4034 vid.

290 4096 370 4163 quae
387 4079 524 4164 disputat
536 4073 662 4147 Salmai.
679 4083 717 4147 etl
733 4083 833 4149 Solio.
849 4101 877 4147 o.
893 4095 952 4164 54.
969 4081 991 4146 l.
1009 4091 1068 4160 57.
1085 4093 1117 4165 p.
1131 4099 1174 4141 m.
1186 4087 1266 4156 887.
