2748 4888
149 435 204 492 rra
232 432 370 491 rorat.
397 434 504 491 mut.
544 433 652 494 Lm.
695 433 801 490 cru.
843 432 921 510 tt
1017 443 1058 514 9⁷

23 629 110 693 porro
127 609 166 671 ad
186 606 334 692 Caspium
352 628 437 671 mare
454 607 608 690 procedit.
650 608 699 670 Ex
719 627 784 692 quo
801 628 866 672 non
886 607 987 672 solum
1005 611 1058 674 ad·

24 727 122 794 paret,
157 713 306 791 pervium
330 708 404 772 salso
429 711 517 772 hunc
539 709 639 770 sinum
662 710 699 770 ad
724 731 808 772 mare
829 709 977 793 Caspium
1000 733 1057 795 pu·

25 814 99 883 tasse.
129 809 180 874 sed
196 827 229 875 et
245 815 430 874 Sarmaticae
448 809 562 873 insulae
577 810 615 870 ab
633 813 672 873 iia
693 809 846 895 separasse,
875 834 953 894 quae
969 830 1059 878 erant

25 915 139 976 inlinu
166 914 313 977 Codauo.
363 914 447 977 Cum
469 933 545 975 vero
566 913 751 976 Sarmatiam
773 914 813 975 ab
832 915 944 976 Vistula
962 936 1056 982 amne

26 1018 166 1098 incipiat,
203 1016 286 1078 srnua
308 1015 459 1078 Codanus
479 1034 545 1076 non
571 1013 673 1097 potest
696 1017 774 1076 ultra
796 1019 980 1078 Sarmatiam
1004 1038 1056 1080 ex·

29 1120 125 1186 tendi,
163 1119 251 1199 quod
273 1115 346 1178 sacit
363 1116 474 1179 Wedel
498 1117 529 1176 in
549 1115 760 1203 Abhandlung
781 1117 860 1179 iiber
877 1119 928 1180 die
951 1119 1056 1184 listelle

28 1217 284 1282 Soudinavische
300 1214 411 1279 Gescb.
430 1238 460 1299 p.
480 1233 536 1297 39.
554 1230 586 1278 et
602 1227 660 1292 8¹·
688 1219 742 1280 etii
764 1218 816 1278 srbi
839 1239 904 1281 non
928 1221 1055 1294 constat,

28 1335 53 1382 et
67 1321 254 1383 aestuarium
266 1319 502 1382 Mentonomon
517 1321 613 1382 etiam
630 1319 752 1380 dictum
770 1334 868 1402 putat.
897 1319 948 1384 Cs.
964 1321 1056 1384 samus

29 1423 122 1483 trbnla
136 1421 285 1505 adpensa.
338 1421 426 1481 Tum
444 1441 504 1482 nec
522 1435 626 1482 totum
644 1441 729 1484 mare
748 1421 902 1483 Balticunr
920 1423 1056 1509 intelligi

26 1523 135 1605 potest.
169 1522 222 1584 led
241 1525 310 1586 eiua
332 1535 455 1584 tantum
479 1525 682 1606 principium.
737 1525 823 1585 Ultra
841 1525 945 1584 Albim
969 1527 1058 1588 enim

27 1637 97 1687 terra
119 1645 235 1707 parum
258 1627 383 1710 cognitu
404 1640 471 1686 erat
492 1625 663 1694 liomanie.
695 1645 788 1704 quam
814 1627 893 1688 adeo
914 1641 1058 1690 vetuerat

30 1727 176 1812 laguena
194 1728 313 1789 militer
336 1727 526 1810 transgredi.
560 1723 635 1788 telle
653 1726 809 1788 Strabone
827 1743 859 1800 7.
883 1747 954 1810 pag.
973 1743 1016 1790 uo
1028 1750 1056 1792 ι.

29 1825 143 1908 [291.
170 1843 203 1890 et
222 1830 255 1890 in
274 1831 382 1911 primia
398 1841 522 1910 p.2o3.
538 1825 559 1890 s.
578 1837 660 1906 294.
698 1829 739 1888 Et
756 1828 794 1890 src
809 1827 932 1890 Plinius
949 1845 981 1896 o.
997 1829 1058 1905 67.

27 1930 164 2014 auspiciis
179 1931 310 2014 Augusli
327 1931 364 1991 ad
380 1929 587 1992 Cimbrorum
605 1941 728 1990 tantum
747 1931 1058 2012 promontoriumirr

27 2029 271 2114 septemtrionali
304 2032 430 2093 Oceano
464 2029 584 2092 classem
617 2030 773 2116 navigasse
806 2028 924 2095 scribit.
990 2032 1065 2116 Sub¹

25 2135 114 2196 finem
145 2147 257 2195 tamen
286 2135 412 2215 imperii
441 2133 605 2194 Tiberiani
633 2133 799 2195 Domitirra
822 2153 894 2194 cum
918 2135 1059 2196 exercitu

26 2237 124 2298 dlbim
145 2233 352 2305 transcendit,
374 2249 408 2296 et
427 2234 555 2320 longius
576 2233 779 2295 Germaniam
800 2239 996 2317 penetravit,
1024 2249 1061 2297 ut

26 2351 122 2397 narrat
142 2337 276 2397 Tacitus
291 2337 373 2399 Anu.
388 2345 422 2420 4,
439 2345 500 2414 44.
526 2335 581 2398 etsr
599 2355 636 2396 ex
661 2334 749 2396 sueto
767 2337 922 2398 Romania
945 2338 1059 2400 itinere

23 2439 170 2500 allheno
192 2439 232 2498 ad
251 2436 409 2522 Visurgim
427 2437 464 2498 ab
488 2435 545 2498 bac
566 2437 661 2496 etiam
679 2451 765 2519 parte
781 2434 897 2497 sactum
918 2439 1059 2502 videtur.

24 2539 224 2621 Tempestate
248 2551 353 2600 tamen
376 2539 471 2599 multi
496 2538 627 2619 abrepti.
659 2541 774 2599 eodem
806 2541 993 2620 imperante,
1026 2541 1061 2602 iu

25 2642 112 2701 illum
140 2641 244 2700 linum
261 2637 348 2701 luisse
365 2641 516 2701 videntur
537 2661 577 2702 err
591 2639 693 2700 Taciti
710 2642 793 2702 Ann.
812 2654 845 2710 Ω,
864 2655 923 2720 ²3·
974 2642 1062 2705 cum
1130 2656 1134 2667 '

22 2743 157 2804 &notris
178 2744 301 2803 montis
323 2739 468 2804 excursus
495 2743 577 2823 apud
603 2741 746 2802 Plinium
772 2755 803 2802 et
825 2743 971 2803 Solinum
993 2743 1062 2804 eiua

23 2841 1063 2928 snusprincipiumllatuatur,propeChristianiam.Tonaberg-

22 2944 222 3026 quaerendus
244 2945 384 3006 videtur.
435 2945 583 3004 Seuorrem
606 2941 762 3024 descripsit
784 2945 1012 3006 Wimmannua
1027 2945 1062 3006 in
1139 2993 1145 3008 .

23 3047 240 3130 navigationis
261 3047 353 3106 maria
376 3045 484 3107 Arctoi
510 3047 530 3106 i.
548 3065 575 3107 e.
593 3045 705 3104 Balrici
722 3059 754 3105 et
772 3045 852 3106 sinna
868 3045 993 3108 Codani
1010 3047 1062 3108 de·

15 3145 195 3228 ‘scriptione
212 3147 301 3206 liasil.
319 3157 423 3223 1575.
442 3166 507 3207 non
526 3148 651 3228 lougea
669 3167 714 3226 pr.
727 3147 894 3208 Cluverius
909 3150 940 3206 in
953 3148 1061 3209 Germ.

22 3269 86 3312 ant.
105 3263 139 3328 5.
160 3263 218 3328 37.
238 3269 270 3330 p.
287 3249 370 3324 650.
389 3249 420 3310 h.
436 3260 526 3328 putat
540 3247 599 3308 ell'e
616 3248 727 3307 Slars·
739 3247 825 3318 Susa,
854 3243 1063 3340 Doffrnfield‚

21 3348 199 3434 Biiscbing.
218 3347 403 3438 longfield‚
430 3349 578 3410 Mannert
595 3349 627 3408 in
644 3349 761 3432 Geogr.
780 3349 821 3411 T.
839 3365 859 3426 3
890 3370 958 3434 pag.
978 3350 1061 3426 556.

22 3451 137 3514 Ktoina
162 3453 246 3510 inter
262 3451 410 3512 Suediam
426 3463 457 3512 et
473 3451 689 3534 Norwegiam.
747 3451 828 3512 Mela
846 3452 947 3511 sruum
962 3449 1064 3513 Coda-

22 3571 101 3612 nnm
124 3571 229 3634 prope
255 3551 458 3637 Norwegiam
488 3571 607 3633 ponere
631 3549 777 3621 ridetur,
810 3565 842 3612 et
865 3551 904 3612 lic
924 3565 1009 3612 recte
1031 3564 1065 3613 et

23 3653 86 3716 srue
102 3651 184 3714 saltu
202 3673 258 3734 per
275 3668 387 3714 terram
409 3650 491 3714 sacto
507 3653 584 3714 dicit
599 3643 698 3743 super
712 3651 829 3715 Albim.
875 3653 1064 3714 interiorem

25 3767 131 3816 tamen
167 3756 240 3818 eiue
270 3755 488 3838 cognitionem
515 3756 660 3814 nondum
688 3751 844 3830 habuisse,
886 3755 980 3816 docet
1013 3756 1065 3816 da-

24 3853 165 3938 scriptio.
219 3853 296 3916 Non
314 3856 402 3916 enim
422 3857 563 3937 undique
584 3854 749 3938 angustum
766 3853 808 3914 esl
828 3855 904 3914 illud
928 3877 1011 3918 mare
1033 3869 1066 3918 et

23 3977 77 4039 par
97 3955 203 4027 sreto,
233 3955 282 4016 sed
301 3955 371 4018 satia
387 3957 481 4017 etiam
498 3957 558 4018 late
581 3957 662 4016 inter
680 3957 829 4017 Suedium
846 3969 876 4016 et
892 3954 1066 4020 Bornssram

23 4073 121 4140 patet.
164 4059 237 4119 Vid.
254 4057 386 4121 Cluver.
406 4077 478 4143 pag.
495 4056 578 4137 649.
597 4079 623 4119 c.
641 4057 660 4121 l.
688 4070 719 4120 et
736 4077 815 4140 quae
837 4060 990 4142 prolixius
1005 4059 1066 4123 dia·

69 4175 172 4252 Pomp.
184 4173 280 4230 Mela·
298 4174 414 4247 Exegao
430 4173 467 4228 L.
478 4171 531 4227 sss.
781 4157 811 4219 G
