2650 4896
143 377 194 436 nt
220 377 355 440 tortu
384 377 488 436 Mat..
531 377 641 438 Lm.
684 375 819 438 ovut.
861 377 939 452 Μ.
1004 390 1067 458 297

35 554 258 632 'l'rnyoxarcen
294 553 470 632 (Smerden
510 563 607 616 vocat
645 551 822 616 constanter
861 549 1067 631 Herodotus)

36 656 133 717 filium
158 656 318 736 iuniorem
344 654 520 719 Carmaniis
547 653 715 716 dominum
741 653 913 718 constituit.
964 655 1069 738 Atque

35 759 105 822 irinc
123 756 259 820 Persidis
282 757 454 840 provinciis
476 757 625 818 maximis
647 753 852 820 Carmaniam
881 755 1070 818 adnumerat

36 860 222 924 Ammianus
238 859 302 922 c.l.
344 859 454 920 Indiae
469 859 635 943 regionem
652 857 749 944 igitur
764 857 832 920 laxe
847 855 921 918 iacit
938 857 1071 940 Stepha-

36 980 105 1030 nus.
132 960 187 1022 cui
202 960 296 1022 etiam
313 959 418 1023 Oritas
434 959 598 1032 adscribit,
620 978 694 1022 cum
709 973 817 1024 tamen
832 973 966 1041 utraque
979 959 1070 1044 regio

34 1063 74 1125 cie
95 1063 235 1134 ludum,
267 1063 377 1124 indiae
400 1061 593 1131 terminum.
621 1057 716 1124 suerit
740 1060 803 1126 sue.
853 1062 906 1126 Sic
921 1073 955 1122 et
970 1059 1071 1124 Arbiu

34 1177 64 1220 et
77 1159 216 1233 Arabia,
241 1163 295 1244 qui
317 1163 427 1232 iidem.
452 1163 587 1224 durium
604 1159 678 1224 facit
695 1162 814 1230 indiae.
854 1162 982 1245 Nempe
996 1166 1071 1244 quia

36 1263 106 1326 teile
124 1263 274 1328 Nearcho
292 1266 325 1326 ln
341 1263 465 1346 paraplo
479 1285 511 1346 p.
527 1273 562 1344 4.
579 1261 723 1344 (liudi.)
738 1263 849 1327 Arbies
866 1283 967 1350 genua
983 1261 1071 1327 suere

36 1365 194 1430 indicum.
233 1367 305 1430 Vid.
320 1365 451 1428 Berkel.
466 1367 504 1428 ad
526 1365 678 1448 Stephon.
695 1387 728 1450 p.
751 1381 830 1444 152.
880 1367 927 1428 lta
944 1365 1071 1429 Carma-

36 1467 100 1529 nios
125 1479 221 1528 voert
245 1468 342 1530 ludos
363 1467 540 1544 Philoslrat.
563 1467 596 1528 iu
620 1468 687 1529 vita
710 1466 874 1551 Apollonii
898 1479 931 1548 5,
956 1479 1014 1546 55.
1036 1479 1071 1528 et

35 1568 203 1636 Gedrosioe
231 1567 409 1650 Stephanus
445 1567 465 1634 s.
498 1589 530 1630 r.
557 1564 724 1656 Fedpwoio
757 1569 900 1632 indicam
938 1581 1072 1654 gentem

34 1667 121 1738 iacit,
146 1683 183 1732 et
205 1669 279 1736 alibi
300 1667 344 1756 (i.
360 1690 393 1734 r.
416 1665 616 1758 Kidpwcorr)
637 1669 676 1732 ad
699 1689 785 1733 mare
809 1669 940 1732 rubrum
964 1665 1071 1752 ponit.

35 1773 83 1832 Sic
98 1767 243 1858 'sipirnq
254 1784 383 1856 gentem
391 1773 541 1834 'indicam
558 1770 818 1854 sacitSteplttnus
830 1771 861 1834 lt.
872 1793 905 1837 v.
930 1769 1070 1854 Nempe.

33 1872 117 1952 quod
136 1873 265 1936 Plinius
279 1875 312 1944 6.
329 1886 388 1952 25.
409 1871 430 1935 i.
448 1891 506 1936 oo.
528 1874 682 1949 adfirmat,
707 1873 751 1935 cis
768 1872 888 1938 indum
903 1874 999 1934 etiam
1018 1873 1073 1934 ali·

32 1993 104 2053 quae
124 1975 292 2059 regiones.
313 1984 338 2054 4
356 1973 507 2058 satrapiae.
532 1975 705 2046 adiiciunt,
727 1969 762 2036 in
778 1974 895 2056 quibua
911 1973 970 2036 hac
984 1987 1074 2058 purte

33 2075 195 2144 oedrntta.
245 2075 416 2140 Alexandri
437 2092 599 2160 tempore.
628 2074 684 2138 sub
700 2077 798 2138 Dario
820 2073 951 2160 satrapae
973 2077 1072 2142 etiam

32 2175 191 2246 habuisse.
221 2177 315 2240 docet
337 2176 501 2240 Nearchus
521 2199 592 2262 pag.
611 2195 670 2257 29.
688 2173 831 2264 (Huds.)
871 2179 1073 2240 Memoratur

33 2293 121 2348 tunc.
154 2299 232 2340 cum
251 2281 426 2342 Alexander
442 2282 476 2342 in
492 2279 693 2342 Carmaniam
708 2278 858 2350 venisset.
892 2279 1073 2363 Aspallest

32 2381 144 2442 Curtio
163 2399 199 2460 9.
219 2399 275 2450 to.
293 2397 352 2445 at.
369 2398 429 2462 29.
456 2402 551 2464 quem
568 2381 610 2443 ob
631 2401 789 2446 novarum
808 2401 915 2444 rerum
933 2381 1074 2444 iiudium

31 2480 193 2544 interiecit
221 2481 406 2546 Alexander.
471 2477 625 2546 Succedit
652 2484 683 2546 ei
709 2482 887 2562 Sibyrtiue.
917 2483 972 2564 qui
998 2503 1074 2546 cum

32 2584 184 2646 'l'boante
216 2599 343 2648 mortuo
374 2585 412 2649 ad
440 2585 607 2648 Gedrosiae
632 2597 666 2648 et
696 2583 879 2648 Aracholiae
911 2583 1074 2670 satrapiaru

33 2699 169 2748 erectus
195 2685 287 2758 ellat,
319 2683 386 2769 ipse
412 2684 612 2750 succederem
644 2685 757 2752 habuit
782 2687 1011 2770 Tlepolemum
1038 2688 1075 2750 in

33 2787 213 2852 Carmania.
276 2789 323 2849 lta
350 2784 431 2851 sorte
466 2787 616 2870 componi
646 2785 737 2852 series
768 2790 956 2852 narrationis
989 2789 1073 2872 apud

35 2903 211 2969 utrumque
235 2886 416 2971 scriptorem
438 2889 556 2972 poteil.
582 2891 695 2970 inquo
717 2889 813 2950 haesit
836 2889 1076 2952 Freinshemius

33 2992 71 3050 ad
91 2993 261 3054 Curtium.
312 2993 362 3053 De
378 2993 567 3074 Tlepolemo
591 2989 774 3074 suffragatur
796 2993 891 3052 etiem
910 2989 1076 3053 Nearchus

32 3113 59 3154 c.
80 3093 103 3156 l.
135 3092 307 3172 eidemque
341 3093 423 3154 hauc
456 3091 617 3176 satrapiam
651 3090 784 3154 servarit
811 3089 975 3156 Perdiccae
1008 3090 1077 3174 poll

32 3193 210 3258 Alexandri
226 3207 375 3264 mortem.
400 3195 584 3270 (Diodorus
606 3192 667 3256 Sic.
689 3205 743 3271 ιδ.
764 3197 819 3272 3.)
841 3205 874 3254 et
896 3191 1074 3275 Antipater.

30 3297 141 3374 (idem
164 3305 217 3372 ra.
239 3295 316 3374 39.)
340 3295 481 3377 Satrapes
496 3293 635 3357 habuilse
650 3295 746 3358 etiam
763 3308 908 3376 tempore
925 3293 1078 3356 Antiochi

33 3399 134 3483 regie.
164 3398 257 3458 euius
281 3396 415 3478 imperio
441 3397 494 3458 bic
514 3393 576 3457 suit
597 3394 754 3459 subiectus
775 3415 848 3458 cum
869 3395 955 3466 aliie,
981 3395 1077 3458 docet

32 3498 154 3580 Polyb.
169 3519 182 3557 ι
195 3519 226 3569 ι,
240 3507 298 3576 54,
318 3509 372 3576 ι4.
390 3495 670 3582 (Schrveighaeus.)
692 3517 765 3558 cum
780 3510 870 3560 antea
882 3495 1078 3558 Antiochum
1186 3481 1188 3492 '

33 3601 241 3683 Epiphanem
263 3598 296 3662 in
313 3599 396 3660 bello
413 3614 522 3662 contra
543 3597 761 3662 Ptolemaeum
778 3597 912 3660 ducibus
927 3597 1026 3658 Medo
1044 3610 1077 3658 et

35 3703 230 3764 Macedone.
282 3699 357 3766 Post
382 3719 456 3764 curu
483 3699 592 3764 Partiri
628 3699 770 3762 Orientis
800 3699 947 3783 regiones
983 3698 1079 3780 pluri·

34 3823 104 3866 ruas
125 3798 342 3883 occupailent.
374 3799 419 3862 sui
440 3801 515 3863 iuria
537 3799 625 3863 suisle
642 3801 808 3872 videntur,
835 3801 906 3880 quia
922 3821 938 3860 a
953 3797 1081 3862 Partitis

32 3905 293 3988 distinguuntur,
320 3903 376 3962 ubi
400 3903 571 3964 Artabanus
594 3921 693 3988 regno
717 3901 867 3966 Parthico
889 3921 905 3960 a
924 3898 984 3963 suis
1005 3921 1079 3964 extra

34 4025 97 4076 tus.
116 4007 156 4066 ad
174 3999 341 4084 Hyrcanos
356 4018 387 4065 et
405 4003 599 4074 Carmanios.
619 4003 736 4086 quibus
752 4023 808 4086 per
822 4004 1016 4065 adfinitatem
1034 4005 1080 4070 irt·

32 4127 137 4172 nexus
156 4118 233 4174 erat.
260 4104 311 4190 spe
328 4105 434 4168 auxilii
450 4103 605 4190 confugit.
632 4104 705 4171 Vid.
720 4105 822 4169 Tacit.
839 4103 954 4168 Arinal.
972 4103 1005 4176 6.
1018 4105 1081 4184 36.
