2696 4896
126 409 182 466 IN
211 407 356 465 Poma.
385 407 493 464 Met.
534 407 643 463 Lm.
685 405 777 468 GV·
819 405 898 478 ’.6.
980 403 1038 468 ιόι

17 583 179 646 io'l'aoaie
203 583 351 666 intelligi
373 579 470 644 debet
491 581 575 663 apud
596 579 709 660 Polyb.
731 599 786 654 ιο,
807 589 867 666 48.
894 564 981 666 ‹puod
1004 597 1039 648 et

16 689 114 748 aonoit
142 681 486 769 Schweighaeulerua.
537 681 666 746 Curtios
692 681 803 746 misere
826 683 960 752 miscent
985 705 1037 748 eo·

14 791 61 850 lem
76 806 184 848 errore
203 800 239 860 7,
259 801 296 859 7,
318 799 352 850 e.
372 785 495 846 Tanain
512 783 644 864 Scythae
660 784 842 867 Europaeos
856 799 888 850 et
902 787 1037 851 Bactria·

13 909 48 952 ue
61 889 215 950 dirimere
234 886 448 969 eundemque
465 885 628 969 Europam
647 900 680 947 et
703 887 804 948 Aliam
822 889 1036 952 disterminare

12 987 100 1052 tribu.
140 991 187 1050 Et
208 989 254 1050 lic
278 987 369 1052 alibi.
412 987 583 1070 Dupliuem
605 987 696 1048 illum
711 989 833 1050 Tanain
848 989 962 1053 diserte
980 993 1036 1075 lgi-

11 1107 45 1152 tor
62 1090 231 1176 distinguit
253 1091 381 1152 Arriae.
403 1089 443 1151 de
466 1089 578 1170 exped.
602 1089 688 1152 Alex.
708 1090 755 1153 M.
772 1103 805 1168 3.
826 1103 884 1169 30.
919 1091 974 1153 ubi
997 1113 1038 1155 ex

11 1191 166 1256 tolobulo
207 1189 334 1262 refert,
381 1190 521 1252 nostrum
557 1191 645 1252 hunc
677 1212 694 1253 a
722 1191 857 1254 barbarie
891 1195 1039 1257 finitimia

10 1293 165 1356 ommam
189 1296 326 1363 vocari.
353 1313 451 1374 quem
468 1293 622 1352 iaxartem
640 1291 699 1356 elle
717 1291 778 1354 viri
797 1296 884 1357 docti
908 1293 1038 1358 eonsen-

10 1397 90 1466 tour.
123 1397 292 1458 Iaxartem
324 1397 422 1456 etiam
448 1396 563 1474 reponi
595 1395 666 1455 vult
694 1395 886 1458 Blancarrlut
905 1397 943 1457 ad
964 1417 991 1460 e.
1013 1397 1035 1459 l.

11 1495 121 1579 p256.
142 1517 222 1558 eum
240 1496 400 1560 Salmasro
419 1497 456 1556 ad
473 1491 575 1558 Solio.
592 1507 650 1574 53.
668 1493 689 1557 1.
708 1509 767 1578 ιμ.
784 1519 817 1580 p.
832 1517 875 1558 m.
894 1509 979 1576 555.
1005 1511 1038 1559 et

13 1611 172 1680 comptum
196 1617 331 1662 nomen
356 1595 461 1660 censet
478 1595 755 1682 Schweighaeuser
781 1599 819 1658 ad
840 1598 955 1678 Polyb.
974 1619 1000 1664 e.
1016 1599 1038 1664 l.

16 1699 57 1760 etfi
82 1699 272 1762 Gronoviue
309 1699 469 1784 vulgatam
495 1699 630 1760 minime
657 1700 826 1782 improbat.
887 1701 978 1762 ldem
1004 1703 1038 1762 iu

19 1801 122 1864 lrriaoo
143 1803 185 1863 de
209 1821 291 1885 exp.
312 1801 401 1864 Alex.
419 1815 452 1875 7.
474 1799 529 1864 ι6.
552 1799 595 1862 est
618 1799 794 1883 Oxyartes.
821 1803 876 1884 qui
893 1821 948 1882 per
965 1803 1039 1880 Scy·

21 1901 115 1964 turin
133 1923 224 1966 mare
248 1899 405 1986 Caspium
429 1901 518 1972 lluit.
549 1914 582 1962 et
601 1903 685 1986 apud
705 1902 867 1965 Plutarch.
892 1903 924 1963 in
948 1904 1038 1968 Alex.

22 2014 140 2084 9745.
161 2019 248 2068 extr.
280 2004 472 2074 Orexartes,
503 2004 538 2063 io
564 2003 706 2082 Scythia.
742 2024 837 2086 quem
864 2003 1041 2065 Alexander

24 2103 131 2166 Tanaim
155 2105 220 2168 elle
248 2107 407 2178 credidit;
445 2107 604 2167 Araxarer
627 2107 711 2187 apud
743 2108 903 2168 Amorion.
924 2119 981 2186 93,
1005 2103 1039 2169 6.

26 2222 94 2283 pm.
111 2222 190 2286 999.
212 2209 363 2288 (Gron.)
388 2206 460 2289 quia
483 2225 556 2266 cum
573 2205 686 2288 Dyma
708 2206 838 2290 (Dyme
853 2207 936 2289 apud
955 2209 1039 2270 Ptol.

10 2327 11 2330 ¹
29 2306 91 2383 tl.)
107 2311 332 2394 coniungitur.
366 2307 472 2370 Hodie
482 2305 598 2369 Arabes
614 2308 771 2389 adpellant
789 2309 931 2377 (Ji-kun.
951 2303 1042 2370 Ruffi

32 2403 131 2478 Dario,
160 2411 233 2482 vel,
268 2410 318 2471 uri
335 2423 426 2472 notat
442 2410 567 2470 Stritter
582 2409 615 2468 in
635 2409 739 2471 indice
756 2410 872 2495 Geogr.
888 2429 1040 2472 memorr.
1137 2475 1141 2486 ,

12 2509 149 2600 ippum.
172 2511 208 2576 h.
231 2533 268 2576 v.
292 2513 368 2579 Sa'r·
383 2509 513 2600 Darje‚
547 2509 599 2571 vel
627 2509 838 2598 Syr-Dorjo.
885 2511 1043 2594 'Quidam

13 2614 17 2718 l
37 2607 105 2670 tl‘uot
117 2611 304 2696 simplicitet
321 2613 383 2678 su.
417 2611 544 2696 Nempe
558 2609 670 2701 Dorjo
687 2611 835 2698 fignificat
850 2611 1000 2676 lluvium.

97 2810 251 2899 oxus)
304 2815 359 2877 or.
382 2801 505 2890 ὀξος,
540 2815 589 2876 no
619 2813 750 2886 strabo.
781 2813 954 2896 Polybiou
991 2815 1047 2878 aru

38 2889 132 2988 Ὦξῦς.
160 2919 210 2978 uti
236 2918 427 2998 llionyfiua,
462 2915 664 2985 Plutarchus.
697 2917 916 2986 Ptolemaeue.
947 2918 1046 2979 Arria·

20 3011 22 3063 1
44 3029 100 3082 ¹¹⁰⁸·
117 3017 166 3078 elli
180 3019 266 3082 hice
283 3017 313 3080 le
328 3017 391 3101 ipse
407 3019 533 3080 diridet
547 3019 580 3078 in
596 3017 700 3081 editio.
734 3019 817 3078 lllud
832 3019 919 3083 enirn
935 3031 967 3099 5,
985 3035 1044 3098 99.

44 3107 88 3172 101
100 3129 128 3188 7.
152 3117 207 3184 16.
242 3121 356 3184 Suidat
373 3133 477 3180 tamen
493 3119 524 3182 Ιι.
542 3139 574 3182 e.
599 3119 655 3180 ubi
672 3121 838 3180 Arrianum
853 3119 909 3180 lib.
929 3135 961 3198 3.
978 3121 1047 3182 red·

23 3239 24 3256 ι
47 3208 114 3286 didit,
134 3217 227 3283 habet
245 3245 280 3294 w,
306 3233 344 3282 ut
359 3221 391 3281 id
408 3217 650 3302 praeferendum
665 3221 821 3282 rideatur.
865 3221 937 3281 Huc
952 3221 1048 3282 etiam

47 3317 153 3388 pertinet
172 3323 297 3386 Aristot.
325 3323 365 3384 de
395 3321 528 3383 mirabil.
558 3320 685 3382 aolcult.
708 3342 775 3404 cap.
793 3332 853 3404 47.
888 3320 944 3382 ubi
967 3323 1049 3382 male

52 3404 240 3510 1ΙΙΙςιι’11,<ος
255 3425 380 3510 legitur.
420 3424 508 3485 Atio
524 3420 699 3484 masculino
715 3443 831 3508 genere
847 3440 959 3483 ornner
976 3441 1050 3483 con·

53 3507 176 3595 [eruunt.
210 3545 306 3608 quare
330 3523 524 3586 femininum
553 3523 707 3584 librorum
730 3525 909 3605 aliquorum
943 3523 1053 3584 reiecit

56 3611 307 3708 Schweighaeuser.
325 3627 358 3686 io
372 3625 485 3703 Polyb.
501 3627 540 3686 T.
558 3627 591 3687 6.
613 3646 644 3706 p.
662 3637 745 3702 705.
788 3629 836 3687 An
854 3625 938 3685 idem
956 3627 1051 3684 etiarn

58 3709 151 3784 Graecia
173 3729 277 3788 dictur
303 3725 397 3788 luerit
416 3713 548 3798 Ὀαξος
573 3741 605 3787 et
628 3712 760 3800 Ὧξος,
798 3742 835 3787 ut
859 3722 996 3812 'Oopr'rov
1022 3741 1053 3786 et

60 3805 165 3902 Ὠρίων,
203 3843 233 3890 et
259 3829 322 3889 huo
346 3823 529 3888 referendus
552 3827 588 3887 lit
614 3827 734 3910 Virgilii
759 3828 792 3887 iu
816 3827 916 3912 eclog.
942 3850 969 3896 ι,
993 3828 1052 3889 66.

62 3909 148 3994 ΟΜ.
169 3931 290 4008 prolixe
312 3929 488 4012 disputarit
509 3929 737 4009 contenditque
753 3927 878 3990 Salmas.
895 3931 933 3988 ad
952 3929 1054 3990 Solin.

65 4028 168 4104 11149.
189 4028 208 4094 l.
223 4045 282 4110 52.
307 4051 338 4112 p.
356 4049 400 4090 ru.
416 4031 499 4110 699.
524 4029 609 4091 nulla
631 4043 738 4091 tamen
754 4026 900 4093 suffultua
921 4031 1056 4094 auetori-

96 4131 171 4214 Pfflp·
185 4143 274 4202 Mela.
297 4145 411 4219 Luget.
429 4145 467 4202 L.
480 4143 532 4198 111.
824 4129 852 4192 L
