2696 4896
145 433 193 490 IN
218 433 351 490 POMP.
379 433 486 490 Mur..
527 433 635 494 Lm.
678 433 784 496 QVI.
826 437 903 506 M.
977 449 1038 498 ma

36 606 125 670 aseer
138 603 264 669 Caesarie
286 605 561 689 ephemeridibus.
594 605 698 690 ipsum
714 628 792 672 vero
814 611 913 672 multa
932 626 1034 676 muta·

36 723 121 770 turum
143 705 244 780 luisse,
276 709 441 770 sidiutine
464 709 596 770 vixisset.
649 711 695 770 lta
715 731 773 792 pro
795 715 1032 778 commentariia

34 808 219 890 ephemeridea
239 823 271 872 et
293 811 435 891 epillolar
452 809 588 873 Caesaris
609 812 756 892 producit
777 811 956 895 Appianua.
990 817 1030 878 de

34 929 80 991 qno
98 907 208 970 disserit
227 910 545 996 Schweighaeuserua
560 912 598 972 ad
614 911 652 974 B.
670 912 707 976 C.
726 929 759 983 a.
776 929 835 992 79.
850 935 881 996 p.
901 915 971 996 763
987 914 1029 999 sq.

33 1011 155 1072 Ceterum
176 1027 288 1072 eorum
315 1011 389 1074 usur
413 1013 559 1074 remansit
583 1013 679 1074 etiam
712 1013 780 1094 post
805 1016 866 1075 hoc
893 1029 1030 1099 tempor.

33 1129 114 1190 oeque
134 1109 229 1172 solum
252 1115 294 1174 de
309 1115 493 1175 Ptolemaeo
510 1117 544 1174 in
565 1113 646 1175 bello
664 1115 876 1176 Alexandrino
893 1119 925 1178 id
941 1121 1031 1180 adfir-

34 1224 81 1271 roat
94 1210 206 1274 Hirtioa
221 1233 288 1294 cap.
302 1227 360 1291 75.
389 1213 438 1276 scd
454 1229 486 1276 et
503 1215 542 1276 de
557 1219 734 1286 Artaxerxe,
757 1215 921 1279 Persarum
944 1240 1029 1306 rege,

32 1311 198 1395 lampridius
215 1315 250 1375 in
263 1315 352 1378 Alex.
366 1316 486 1380 Severo
506 1335 573 1400 cap.
590 1327 648 1394 55.
674 1347 726 1364 -·-

84 1512 282 1599 Ioerrra)
332 1521 382 1581 De
415 1515 582 1600 scripturae
608 1519 758 1582 varietate
790 1519 824 1582 iu
847 1519 1028 1586 auctoribua

33 1613 126 1676 dictum
145 1617 177 1676 iu
199 1623 356 1686 noterit.
380 1641 451 1704 pag.
475 1623 542 1695 176
562 1619 603 1701 sq.
655 1620 785 1682 Nomen
802 1643 841 1684 ex
856 1623 1030 1686 Phoenicia

32 1714 112 1798 lingua
125 1721 218 1799 petit,
244 1723 329 1802 quasi
346 1721 383 1783 srt
399 1721 513 1782 ultimo
534 1719 708 1793 habitatio,
734 1723 882 1786 Bochart.
899 1727 931 1784 in
948 1724 1029 1787 Cha·

32 1835 89 1876 uero
109 1837 136 1887 r,
160 1833 217 1899 39.
239 1837 320 1885 extr.
380 1821 554 1884 innotuisse
579 1823 719 1906 primum
748 1823 873 1886 Graecia
900 1827 1029 1888 videtur

17 1919 72 1995 'per
86 1916 268 1995 Phoenices,
295 1923 381 1986 uncle
397 1925 437 1986 de
452 1925 580 1986 illorum
601 1925 660 1985 fitu
684 1925 762 1986 olim
783 1927 890 2007 inepte
904 1941 937 1986 et
953 1925 1028 1990 salso

32 2015 217 2097 loquebantur.
250 2023 303 2088 Cs.
321 2026 494 2088 Bochartut
510 2045 536 2087 c.
554 2025 575 2088 l.
593 2025 877 2086 etScltoenemanu
894 2027 927 2086 in
947 2027 1029 2090 Geo-

32 2121 131 2202 gnphia
151 2140 258 2208 argon.
277 2147 309 2208 p.
326 2141 384 2206 39.
438 2129 487 2188 Da
505 2127 614 2206 primia
635 2129 749 2189 incolit
767 2126 1030 2210 Cartsroginiensr·

34 2215 76 2282 but
88 2219 209 2304 speciem
228 2229 354 2290 veri'ex
370 2227 471 2289 Plauti
486 2227 614 2289 l’unicia
631 2228 761 2290 ducunt.
798 2229 869 2289 Vid.
890 2231 1030 2291 liiittner

32 2316 112 2383 Briese
129 2324 204 2388 iiber
221 2329 325 2389 lrlanrl
342 2349 411 2412 pag.
428 2339 499 2407 543
520 2325 560 2409 sq.
612 2331 659 2390 lta
676 2331 755 2390 ultra
770 2333 1029 2410 promontorium

33 2415 122 2484 sacrorn
136 2429 223 2506 ponit
241 2429 389 2511 Orpheus
403 2450 434 2492 r.
456 2427 550 2511 1164
561 2427 601 2511 sq.
617 2443 650 2488 et
667 2445 772 2508 1179.
799 2431 972 2510 eademque
990 2434 1030 2492 de

34 2521 96 2582 cruia
114 2528 233 2592 ridetur
246 2521 377 2621 sacram
393 2549 504 2592 vocare
525 2531 665 2592 Arienur
688 2531 722 2590 in
740 2530 802 2592 Ora
821 2552 851 2590 r.
875 2541 953 2606 108.
980 2535 1029 2594 uti

35 2623 321 2701 teusethernadors.
345 2631 399 2692 etsr
416 2651 474 2714 pro
498 2627 594 2718 'scfptrp
616 2651 690 2694 eum
708 2633 741 2692 in
760 2631 814 2694 Gr.
830 2625 907 2717 Ἱερὴ
924 2631 1028 2716 legisse

34 2716 170 2804 suspicatur
184 2732 326 2796 Holsten.
348 2735 384 2794 arl
409 2733 605 2814 Stephanum
626 2753 657 2814 p.
683 2741 761 2810 ¹44·
813 2733 930 2794 Parum
952 2736 1030 2796 certi

35 2815 171 2904 statere,
196 2835 285 2916 quod
301 2835 340 2897 de
356 2835 412 2896 illo
428 2833 550 2902 reserat,
577 2833 716 2916 ingenue
733 2831 848 2895 satetur
863 2833 974 2896 Strabo
992 2845 1028 2914 4.

34 2937 84 3007 pag.
104 2945 174 3010 139.
191 2931 212 2999 s.
231 2951 316 2998 201.
351 2935 404 2996 etsi
432 2933 485 2995 suo
514 2947 658 3015 tempore
684 2935 847 2996 nonnullis
869 2938 1030 3018 cognitam

36 3017 99 3088 sulse
117 3034 204 3096 tradit
225 3055 255 3098 a.
273 3057 305 3117 p.
321 3045 380 3118 43.
398 3033 418 3097 s.
436 3037 494 3114 63.
518 3033 624 3096 versuo
645 3033 903 3118 septemtrionem
923 3049 1030 3096 tamen

34 3121 99 3189 surr.
124 3133 317 3199 Britanniam
347 3149 522 3218 porrectam
545 3137 659 3206 iacere,
692 3151 725 3198 et
747 3137 907 3206 latiorem,
934 3155 1030 3216 quam
1056 3205 1058 3214 .

34 3219 181 3312 longiorem
198 3237 259 3302 else
279 3239 377 3301 addit.
428 3237 540 3298 llledio
561 3238 643 3298 inter
659 3237 854 3300 Britanniam
870 3250 901 3298 et
923 3235 1031 3318 Hispa-

34 3325 98 3391 uiam
117 3335 172 3400 elle
193 3339 299 3410 litant,
333 3340 410 3400 dicit
431 3339 558 3400 Tacitus
580 3339 614 3398 in
635 3339 778 3422 Agricola
800 3357 864 3419 cap.
882 3347 940 3416 24.
966 3356 1030 3418 quo

35 3433 150 3514 ltmpore
171 3442 270 3524 magia
299 3440 453 3502 innotuit.
510 3437 677 3520 Hispaniae
699 3439 810 3500 obiicit
830 3437 1030 3522 Agathemer.

36 3539 59 3596 l.
72 3541 99 3612 4.
118 3558 210 3625 vaget
241 3543 322 3605 male
343 3539 449 3601 versuo
472 3537 730 3622 septemtrionem
752 3539 931 3602 Britanniae
949 3539 1031 3599 Stra·

36 3622 66 3688 ΒΟ
80 3651 103 3695 ¹·
119 3657 184 3726 pag.
200 3655 260 3722 43.
277 3641 298 3708 s.
316 3645 374 3717 63.
395 3659 514 3722 ponere
536 3639 665 3701 videtur
684 3661 723 3700 ex
740 3661 841 3709 nexu,
865 3638 976 3700 diserte
994 3651 1028 3700 Ω.

35 3744 87 3813 lis·
101 3751 151 3816 78.
171 3742 193 3806 s.
217 3755 296 3820 ¹¹5·
317 3743 488 3805 accuratius
518 3739 608 3800 suum
628 3739 773 3802 describit
795 3741 972 3802 Marcianus
996 3741 1031 3800 iu

36 3833 130 3915 periplo
150 3863 220 3927 pag.
235 3857 281 3921 57
298 3843 339 3926 sq.
363 3840 501 3919 (Huds.)
534 3841 759 3904 Britannorum
783 3839 914 3901 insulam
939 3853 1033 3902 vocat

37 3926 147 4002 lund,
169 3946 207 4006 arl
222 3943 353 4024 Dionys.
370 3963 402 4006 r.
420 3945 504 4020 568.
529 3957 561 4003 et
580 3943 726 4003 maximia
745 3941 953 4002 adnumerant
967 3942 1034 4004 riri·

38 4027 137 4104 liotelea
159 4045 197 4106 da
219 4047 342 4108 mundo
363 4063 430 4125 cap.
448 4057 481 4119 3.
500 4040 521 4106 s.
548 4043 748 4127 Agathenter.
766 4058 800 4114 u,
822 4051 856 4118 8.
881 4071 933 4088 ⁶-
982 4044 1033 4104 De

38 4125 117 4203 larua
140 4143 248 4212 Strabo
261 4166 288 4209 c.
307 4147 330 4211 i.
364 4147 419 4228 qui
443 4145 587 4207 latiorem
613 4141 696 4215 lacit,
722 4163 816 4226 qoam
841 4143 1033 4230 longiorem.

618 4245 698 4309 Oa
