2746 4894
154 475 160 488 ⁸
270 399 335 482 ιιι
541 402 702 464 uorar
742 401 1044 462 exnoarrcrn

275 580 383 650 babet,
406 597 480 641 com
497 593 603 642 tamen
612 577 726 640 Noller
747 595 776 646 r.
799 598 828 648 r.
843 593 876 642 n.
892 596 962 641 eam
976 578 1101 664 plagam
1115 577 1337 662 incognitam

277 680 339 744 else
361 682 522 753 adfirmet,
555 696 588 743 et
611 683 694 762 apud
715 681 936 743 Ptolemaeum
959 681 993 742 in
1014 700 1068 742 ora
1087 681 1240 764 plurima
1263 681 1338 742 loca

276 782 507 845 recenseantur.
559 785 597 843 lu
626 801 689 864 quo
712 801 790 844 vero
814 782 855 843 lic
878 781 963 844 Mela
984 781 1086 864 potell
1115 781 1282 844 adiuvari
1303 793 1337 843 et

278 883 438 955 sustiueri,
462 899 499 944 ut
521 903 636 946 zonam
654 885 805 946 torridam
828 903 962 965 eamque
983 884 1240 945 inhabitabilem
1265 883 1340 945 lon·

282 987 355 1069 giue
371 987 451 1048 ultra
471 987 641 1069 producat,
668 987 784 1048 deinde
801 1005 840 1046 ex
858 986 1012 1067 opinione
1028 988 1158 1070 vulgata
1173 997 1339 1047 veterum

281 1089 315 1148 in
338 1089 450 1169 primic
473 1089 639 1169 loquatur,
663 1089 718 1170 qui
736 1089 816 1148 ultra
834 1087 961 1151 Cernen
982 1089 1123 1172 navigari
1143 1106 1224 1150 non
1246 1085 1337 1170 posse

282 1189 438 1272 putabant
456 1206 488 1252 et
512 1189 676 1254 iactabant.
711 1190 781 1252 Vid.
794 1189 903 1268 Scylax
913 1209 998 1270 p.m.
1013 1211 1026 1250 ι
1040 1211 1068 1252 ι.
1082 1187 1193 1258 Huds.
1213 1202 1251 1252 et
1265 1188 1345 1270 plu·v

280 1291 368 1352 ribue
393 1293 477 1354 Plin.
494 1292 526 1363 6,
553 1293 611 1371 36.
628 1290 649 1354 s.
668 1305 724 1372 31.
751 1293 841 1354 cuiue
862 1290 1067 1354 iusulae'hac
1088 1291 1128 1354 de
1151 1289 1251 1352 causa
1274 1307 1337 1352 neo

284 1391 360 1455 litua
386 1393 544 1462 constabat
568 1397 652 1457 iuter
676 1406 816 1463 veteree,
848 1413 952 1474 neque
978 1392 1185 1476 magnitudo.
1243 1393 1338 1453 Ten·

282 1493 357 1556 talle
373 1508 479 1558 tamen
498 1501 559 1558 iaru
576 1497 655 1558 olim
669 1496 839 1577 quosdam,
866 1495 964 1556 lubae
979 1507 1011 1556 et
1026 1496 1157 1558 Eudoxi
1178 1492 1337 1575 exempla
1353 1531 1359 1538 ·

284 1596 414 1670 docent,
439 1599 635 1680 aliorumque
654 1597 835 1662 teslimonia
856 1589 937 1673 (vid.
953 1597 1037 1661 Plin.
1054 1609 1087 1674 5,
1109 1598 1155 1674 r.)
1177 1613 1336 1676 compro·

283 1695 372 1762 baut.
417 1699 515 1782 Quod
530 1714 601 1761 ante
617 1699 839 1762 Ptolemaeum
853 1698 1027 1780 repetitum
1047 1697 1134 1759 fuisse
1152 1697 1335 1759 intentiori

283 1803 519 1884 exploratione,
553 1800 643 1864 facile
671 1801 847 1863 multorum
875 1800 1021 1862 locorum
1051 1799 1334 1862 commemoratio

285 1904 424 1974 evincit,
450 1903 505 1964 etli
529 1903 656 1967 Cernen
682 1901 826 1974 insulam,
859 1915 966 1964 contra
990 1915 1084 1983 atque
1109 1903 1165 1963 alii
1194 1898 1331 1969 iaciunt.

284 2003 382 2066 nimie
410 2006 557 2068 *vicinam
589 2005 740 2066 admovet
775 2003 1002 2066 Mauretaniae.
1052 2004 1123 2064 vid.
1142 2003 1183 2064 ad
1202 2017 1237 2080 3,
1256 2021 1291 2081 9.
1308 1998 1332 2067 s.

286 2103 441 2168 Ceterum
456 2108 497 2170 ita
516 2109 555 2169 de
569 2108 743 2192 incognitis
761 2109 850 2168 terrie
873 2105 995 2166 locutor
1011 2105 1071 2166 else
1088 2119 1229 2173 veteres,
1261 2121 1331 2164 mo·

286 2208 392 2268 ultum
414 2210 514 2270 etiam·
524 2209 562 2271 ad
583 2229 613 2280 ι,
628 2219 663 2288 4,
681 2225 714 2272 2.
745 2223 775 2269 et
792 2223 828 2270 ut
845 2206 957 2268 Noller
973 2206 1128 2269 Herorlot.
1146 2224 1180 2276 α.
1200 2220 1263 2282 32.
1283 2223 1329 2268 m.

287 2307 329 2370 de
357 2311 409 2372 bia
431 2313 519 2374 terrie
547 2313 695 2392 loquitur.
738 2309 878 2371 Golselin
900 2328 931 2392 p.
951 2323 1034 2387 231.
1054 2328 1081 2371 c.
1100 2310 1124 2369 l.
1146 2321 1243 2390 putat
1266 2303 1327 2366 else

284 2423 438 2484 tractum,
472 2411 582 2474 ubt'st.
599 2413 679 2474 Nun
701 2426 809 2474 contra
827 2409 972 2474 Canariae
995 2409 1127 2480 insulae,
1161 2407 1329 2471 veteribus

285 2505 482 2603 Hesperidas
501 2529 533 2577 et
565 2515 678 2596 partim
699 2516 908 2574 Fortunatas.
960 2513 1046 2574 Hinc
1066 2530 1145 2574 vero
1166 2510 1258 2574 Atiae
1278 2509 1327 2568 in·

286 2613 380 2698 cipit,
412 2617 504 2677 cuiue
523 2617 622 2700 igitur
641 2616 761 2677 radices
779 2615 811 2676 in
835 2613 947 2680 erenie·

363 2807 518 2909 infesta
548 2808 849 2910 serpentibus)
899 2812 951 2879 cf.
978 2812 1098 2877 Sallust.
1123 2814 1195 2898 lug.
1211 2821 1271 2890 89.
1288 2817 1324 2884 ὅ.

286 2915 380 2979 ldern
401 2917 497 2982 Ovid.
515 2919 648 2985 Metam.
662 2931 696 3000 4,
712 2921 734 2982 6
741 2937 797 3000 ¹9·
814 2919 854 2979 dc
870 2916 988 2998 Libya:
1003 2963 1006 2968 .
1013 2909 1171 3006 frequens
1195 2913 1252 2975 illu
1271 2907 1323 3004 ess,

287 3009 468 3110 infestaque
483 3034 566 3083 terra
580 3021 724 3084 colubris.
779 3018 906 3104 Nempe
923 3008 1054 3112 infesta,
1077 3015 1214 3089 uraithi,
1234 3009 1323 3078 sensu
1350 3007 1352 3012 ⁸

286 3119 418 3202 palsrvo.
453 3127 526 3188 Vid.
548 3125 630 3187 Geli.
650 3143 683 3204 9.
707 3139 764 3190 ιιι.

364 3315 647 3416 Hesperidas)
698 3325 815 3410 Magna
832 3323 876 3386 eli
898 3325 931 3385 in
951 3322 1063 3384 barum
1078 3321 1249 3384 insularum
1265 3313 1322 3376 lim

289 3423 505 3506 diecrepantia‚
530 3427 644 3490 sabulis
661 3429 756 3490 etiarn
771 3427 859 3488 miris
878 3427 1055 3506 inquinata.
1088 3425 1206 3485 Earum
1222 3420 1319 3502 prinu

289 3527 431 3610 cognitio
451 3528 490 3588 ab
508 3530 677 3592 Hannonis
700 3529 823 3613 periplo
846 3528 1065 3610 promanavit,
1096 3546 1192 3606 quem
1208 3523 1264 3604 qui
1282 3517 1320 3578 se·

289 3630 356 3687 cuti
371 3627 452 3705 sunt,
470 3634 503 3690 in
520 3630 583 3693 boc
598 3645 697 3694 tractu
713 3631 890 3700 conlocant,
909 3629 963 3688 etfi
982 3629 1069 3690 vario
1085 3627 1155 3688 suu.
1183 3628 1230 3687 Ita
1243 3643 1274 3683 v.
1291 3637 1317 3678 c·

289 3727 407 3792 Statius
428 3730 581 3804 Sebosus,
614 3733 690 3797 telle
710 3728 818 3793 Plinio
836 3732 869 3802 6,
895 3731 953 3810 56.
974 3729 996 3791 s.
1017 3743 1075 3808 51.
1100 3729 1319 3812 aGorgonum

287 3829 395 3896 insulie
411 3837 689 3920 praenavigatione
705 3834 838 3896 Atlantia
854 3833 978 3893 dierum
994 3811 1038 3892 lsl
1057 3831 1097 3890 ad
1112 3826 1317 3911 Hesperidum

287 3930 401 3996 insulae
425 3934 549 3997 cursum
575 3937 734 4018 prodidit,
766 3934 805 3996 ab
827 3935 866 3994 iia
887 3935 925 3994 ad
943 3931 1086 4014 Hesperu
1110 3927 1317 3993 cerae'uniut·

288 4032 340 4096 Sic
354 4035 421 4121 ipse
436 4051 526 4104 antea
540 4059 580 4102 ex
598 4038 732 4104 aliorum
747 4037 927 4100 narratione
946 4037 1082 4120 repetit.
1108 4034 1189 4096 ultre
1205 4031 1314 4112 Gorga·
