<?xml version="1.0" encoding="UTF-8"?>
<!DOCTYPE html PUBLIC "-//W3C//DTD XHTML 1.0 Transitional//EN"
    "http://www.w3.org/TR/xhtml1/DTD/xhtml1-transitional.dtd">
<html xmlns="http://www.w3.org/1999/xhtml" xml:lang="en" lang="en">
 <head>
  <title>
</title>
<meta http-equiv="Content-Type" content="text/html;charset=utf-8" />
  <meta name='ocr-system' content='tesseract 3.04.00' />
  <meta name='ocr-capabilities' content='ocr_page ocr_carea ocr_par ocr_line ocrx_word'/>
</head>
<body>
  <div class='ocr_page' id='page_1' title='image "./pomponiimelaede03melagoog_0064.png"; bbox 0 0 2748 4888; ppageno 0'>
   <div class='ocr_carea' id='block_1_1' title="bbox 307 383 1076 487">
    <p class='ocr_par' dir='ltr' id='par_1_1' title="bbox 307 383 1076 487">
     <span class='ocr_line' id='line_1_1' title="bbox 307 383 1076 487; baseline -0.005 -18"><span class='ocrx_word' id='word_1_1' title='bbox 307 415 351 487; x_wconf 67' lang='grc' dir='ltr'><strong>ω</strong></span> <span class='ocrx_word' id='word_1_2' title='bbox 578 407 735 468; x_wconf 77' lang='lat' dir='ltr'><strong>nome</strong></span> <span class='ocrx_word' id='word_1_3' title='bbox 776 383 1076 465; x_wconf 69' lang='lat' dir='ltr'><strong>extorrium</strong></span> 
     </span>
    </p>
   </div>
   <div class='ocr_carea' id='block_1_2' title="bbox 229 580 1369 4224">
    <p class='ocr_par' dir='ltr' id='par_1_2' title="bbox 229 580 1369 4224">
     <span class='ocr_line' id='line_1_2' title="bbox 308 580 1369 665; baseline 0.003 -20"><span class='ocrx_word' id='word_1_4' title='bbox 308 581 425 645; x_wconf 88' lang='lat' dir='ltr'><strong>dicitur</strong></span> <span class='ocrx_word' id='word_1_5' title='bbox 442 580 475 642; x_wconf 92' lang='lat' dir='ltr'><strong>in</strong></span> <span class='ocrx_word' id='word_1_6' title='bbox 491 581 595 644; x_wconf 88' lang='lat' dir='ltr'><strong>nollro</strong></span> <span class='ocrx_word' id='word_1_7' title='bbox 613 582 697 645; x_wconf 86' lang='lat' dir='ltr'><strong>loeo.</strong></span> <span class='ocrx_word' id='word_1_8' title='bbox 738 584 787 644; x_wconf 88' lang='lat' dir='ltr'><strong>De</strong></span> <span class='ocrx_word' id='word_1_9' title='bbox 805 584 901 644; x_wconf 76' lang='lat' dir='ltr'><strong>variis</strong></span> <span class='ocrx_word' id='word_1_10' title='bbox 924 584 1100 665; x_wconf 77' lang='lat' dir='ltr'><strong>iisdemque</strong></span> <span class='ocrx_word' id='word_1_11' title='bbox 1116 583 1254 646; x_wconf 72' lang='lat' dir='ltr'><strong>incertis</strong></span> <span class='ocrx_word' id='word_1_12' title='bbox 1279 583 1369 648; x_wconf 75' lang='lat' dir='ltr'><strong>cleri</strong></span> 
     </span>
     <span class='ocr_line' id='line_1_3' title="bbox 308 684 1369 767; baseline 0 -19"><span class='ocrx_word' id='word_1_13' title='bbox 308 684 509 754; x_wconf 72' lang='lat' dir='ltr'><strong>unionibus,</strong></span> <span class='ocrx_word' id='word_1_14' title='bbox 541 685 562 744; x_wconf 86' lang='lat' dir='ltr'><strong>sr</strong></span> <span class='ocrx_word' id='word_1_15' title='bbox 582 685 651 764; x_wconf 87' lang='lat' dir='ltr'><strong>quie</strong></span> <span class='ocrx_word' id='word_1_16' title='bbox 673 685 761 766; x_wconf 83' lang='lat' dir='ltr'><strong>plura</strong></span> <span class='ocrx_word' id='word_1_17' title='bbox 784 685 924 746; x_wconf 77' lang='lat' dir='ltr'><strong>conlecta</strong></span> <span class='ocrx_word' id='word_1_18' title='bbox 945 685 1049 767; x_wconf 85' lang='lat' dir='ltr'><strong>legere</strong></span> <span class='ocrx_word' id='word_1_19' title='bbox 1071 685 1196 767; x_wconf 80' lang='lat' dir='ltr'><strong>cupiet,</strong></span> <span class='ocrx_word' id='word_1_20' title='bbox 1231 685 1369 748; x_wconf 63' lang='lat' dir='ltr'><strong>satiet*</strong></span> 
     </span>
     <span class='ocr_line' id='line_1_4' title="bbox 308 781 1369 868; baseline 0.002 -20"><span class='ocrx_word' id='word_1_21' title='bbox 308 803 378 848; x_wconf 84' lang='lat' dir='ltr'><strong>cere</strong></span> <span class='ocrx_word' id='word_1_22' title='bbox 395 787 514 868; x_wconf 88' lang='lat' dir='ltr'><strong>poterit</strong></span> <span class='ocrx_word' id='word_1_23' title='bbox 530 781 646 846; x_wconf 83' lang='lat' dir='ltr'><strong>Mertin</strong></span> <span class='ocrx_word' id='word_1_24' title='bbox 670 806 700 867; x_wconf 87' lang='lat' dir='ltr'><strong>p.</strong></span> <span class='ocrx_word' id='word_1_25' title='bbox 718 799 778 866; x_wconf 78' lang='lat'>42.</span> <span class='ocrx_word' id='word_1_26' title='bbox 793 805 819 848; x_wconf 84' lang='lat' dir='ltr'><strong>c.</strong></span> <span class='ocrx_word' id='word_1_27' title='bbox 836 786 857 848; x_wconf 89' lang='lat' dir='ltr'><strong>l.</strong></span> <span class='ocrx_word' id='word_1_28' title='bbox 881 787 937 866; x_wconf 87' lang='lat' dir='ltr'><strong>qui</strong></span> <span class='ocrx_word' id='word_1_29' title='bbox 958 785 1022 868; x_wconf 91' lang='lat' dir='ltr'><strong>ipse</strong></span> <span class='ocrx_word' id='word_1_30' title='bbox 1044 799 1150 868; x_wconf 82' lang='lat' dir='ltr'><strong>putat,</strong></span> <span class='ocrx_word' id='word_1_31' title='bbox 1177 788 1277 848; x_wconf 87' lang='lat' dir='ltr'><strong>idem</strong></span> <span class='ocrx_word' id='word_1_32' title='bbox 1299 787 1369 850; x_wconf 82' lang='lat' dir='ltr'><strong>else</strong></span> 
     </span>
     <span class='ocr_line' id='line_1_5' title="bbox 308 885 1369 969; baseline 0.004 -23"><span class='ocrx_word' id='word_1_33' title='bbox 308 887 394 968; x_wconf 88' lang='lat' dir='ltr'><strong>qnod</strong></span> <span class='ocrx_word' id='word_1_34' title='bbox 414 887 511 955; x_wconf 82' lang='lat' dir='ltr'><strong>Gelli.</strong></span> <span class='ocrx_word' id='word_1_35' title='bbox 539 907 577 948; x_wconf 86' lang='lat' dir='ltr'><strong>ex</strong></span> <span class='ocrx_word' id='word_1_36' title='bbox 600 885 719 948; x_wconf 78' lang='lat' dir='ltr'><strong>diverse</strong></span> <span class='ocrx_word' id='word_1_37' title='bbox 743 891 881 950; x_wconf 89' lang='lat' dir='ltr'><strong>duorum</strong></span> <span class='ocrx_word' id='word_1_38' title='bbox 900 889 1089 968; x_wconf 89' lang='lat' dir='ltr'><strong>populorum</strong></span> <span class='ocrx_word' id='word_1_39' title='bbox 1111 887 1369 969; x_wconf 82' lang='lat' dir='ltr'><strong>pronuntiandi</strong></span> 
     </span>
     <span class='ocr_line' id='line_1_6' title="bbox 306 986 1369 1072; baseline 0.003 -22"><span class='ocrx_word' id='word_1_40' title='bbox 306 989 440 1050; x_wconf 83' lang='lat' dir='ltr'><strong>ratione.</strong></span> <span class='ocrx_word' id='word_1_41' title='bbox 482 986 532 1051; x_wconf 81' lang='lat' dir='ltr'><strong>sls.</strong></span> <span class='ocrx_word' id='word_1_42' title='bbox 557 990 652 1050; x_wconf 83' lang='lat' dir='ltr'><strong>etiarn</strong></span> <span class='ocrx_word' id='word_1_43' title='bbox 675 988 791 1052; x_wconf 90' lang='lat' dir='ltr'><strong>Penzel</strong></span> <span class='ocrx_word' id='word_1_44' title='bbox 814 992 852 1050; x_wconf 84' lang='lat' dir='ltr'><strong>ed</strong></span> <span class='ocrx_word' id='word_1_45' title='bbox 878 989 1025 1052; x_wconf 81' lang='lat' dir='ltr'><strong>Strabon.</strong></span> <span class='ocrx_word' id='word_1_46' title='bbox 1052 990 1121 1051; x_wconf 87' lang='lat' dir='ltr'><strong>Vol.</strong></span> <span class='ocrx_word' id='word_1_47' title='bbox 1144 1009 1174 1054; x_wconf 83' lang='lat' dir='ltr'><strong>t.</strong></span> <span class='ocrx_word' id='word_1_48' title='bbox 1206 1011 1238 1072; x_wconf 88' lang='lat' dir='ltr'><strong>p.</strong></span> <span class='ocrx_word' id='word_1_49' title='bbox 1267 999 1369 1068; x_wconf 73' lang='lat'>358.</span> 
     </span>
     <span class='ocr_line' id='line_1_7' title="bbox 229 1078 1369 1172; baseline -0.003 -20"><span class='ocrx_word' id='word_1_50' title='bbox 229 1135 232 1140; x_wconf 29' lang='grc' dir='ltr'><strong><em>ι</em></strong></span> <span class='ocrx_word' id='word_1_51' title='bbox 309 1087 462 1172; x_wconf 74' lang='lat' dir='ltr'>Iosephus</span> <span class='ocrx_word' id='word_1_52' title='bbox 478 1091 599 1170; x_wconf 80' lang='lat' dir='ltr'><strong>entiqu.</strong></span> <span class='ocrx_word' id='word_1_53' title='bbox 617 1078 686 1151; x_wconf 84' lang='lat' dir='ltr'><strong>tud.</strong></span> <span class='ocrx_word' id='word_1_54' title='bbox 706 1111 735 1160; x_wconf 78' lang='lat' dir='ltr'><strong>r.</strong></span> <span class='ocrx_word' id='word_1_55' title='bbox 753 1091 786 1154; x_wconf 89' lang='grc'><strong>6.</strong></span> <span class='ocrx_word' id='word_1_56' title='bbox 807 1091 850 1152; x_wconf 90' lang='lat' dir='ltr'><strong>in.</strong></span> <span class='ocrx_word' id='word_1_57' title='bbox 869 1111 885 1150; x_wconf 84' lang='lat' dir='ltr'>a</span> <span class='ocrx_word' id='word_1_58' title='bbox 901 1090 1041 1152; x_wconf 80' lang='lat' dir='ltr'><strong>Gomero</strong></span> <span class='ocrx_word' id='word_1_59' title='bbox 1058 1090 1189 1159; x_wconf 77' lang='lat' dir='ltr'><strong>derivat.</strong></span> <span class='ocrx_word' id='word_1_60' title='bbox 1215 1107 1252 1154; x_wconf 87' lang='lat' dir='ltr'><strong>et</strong></span> <span class='ocrx_word' id='word_1_61' title='bbox 1272 1093 1369 1156; x_wconf 85' lang='lat' dir='ltr'><strong>olim</strong></span> 
     </span>
     <span class='ocr_line' id='line_1_8' title="bbox 308 1189 1366 1278; baseline -0.002 -24"><span class='ocrx_word' id='word_1_62' title='bbox 308 1189 519 1254; x_wconf 79' lang='lat' dir='ltr'><strong>Gomnrenlee</strong></span> <span class='ocrx_word' id='word_1_63' title='bbox 541 1189 744 1278; x_wconf 76' lang='grc' dir='ltr'>(Γομαρεῖς)</span> <span class='ocrx_word' id='word_1_64' title='bbox 773 1193 875 1253; x_wconf 76' lang='lat' dir='ltr'><strong>dictor</strong></span> <span class='ocrx_word' id='word_1_65' title='bbox 897 1189 984 1254; x_wconf 83' lang='lat' dir='ltr'><strong>fuisse</strong></span> <span class='ocrx_word' id='word_1_66' title='bbox 1013 1193 1125 1263; x_wconf 81' lang='lat' dir='ltr'><strong>tradit.</strong></span> <span class='ocrx_word' id='word_1_67' title='bbox 1157 1207 1190 1255; x_wconf 89' lang='lat' dir='ltr'><strong>et</strong></span> <span class='ocrx_word' id='word_1_68' title='bbox 1213 1193 1257 1253; x_wconf 90' lang='lat' dir='ltr'><strong>lic</strong></span> <span class='ocrx_word' id='word_1_69' title='bbox 1289 1195 1366 1264; x_wconf 77' lang='lat' dir='ltr'><strong>alii,</strong></span> 
     </span>
     <span class='ocr_line' id='line_1_9' title="bbox 306 1291 1366 1375; baseline 0.007 -23"><span class='ocrx_word' id='word_1_70' title='bbox 306 1292 424 1375; x_wconf 86' lang='lat' dir='ltr'><strong>quibue</strong></span> <span class='ocrx_word' id='word_1_71' title='bbox 446 1291 620 1354; x_wconf 70' lang='lat' dir='ltr'>adsentitur</span> <span class='ocrx_word' id='word_1_72' title='bbox 642 1297 736 1354; x_wconf 81' lang='lat' dir='ltr'><strong>etiam</strong></span> <span class='ocrx_word' id='word_1_73' title='bbox 756 1291 873 1354; x_wconf 84' lang='lat' dir='ltr'><strong>llllartin</strong></span> <span class='ocrx_word' id='word_1_74' title='bbox 896 1314 925 1374; x_wconf 91' lang='lat' dir='ltr'><strong>p.</strong></span> <span class='ocrx_word' id='word_1_75' title='bbox 948 1307 1028 1372; x_wconf 80' lang='lat'>133.</span> <span class='ocrx_word' id='word_1_76' title='bbox 1052 1295 1106 1354; x_wconf 89' lang='lat' dir='ltr'><strong>etsr</strong></span> <span class='ocrx_word' id='word_1_77' title='bbox 1127 1295 1216 1354; x_wconf 83' lang='lat' dir='ltr'><strong>itlem</strong></span> <span class='ocrx_word' id='word_1_78' title='bbox 1235 1316 1272 1375; x_wconf 89' lang='lat' dir='ltr'><strong>p.</strong></span> <span class='ocrx_word' id='word_1_79' title='bbox 1294 1296 1366 1375; x_wconf 80' lang='lat'>69.</span> 
     </span>
     <span class='ocr_line' id='line_1_10' title="bbox 306 1393 1365 1478; baseline 0.002 -24"><span class='ocrx_word' id='word_1_80' title='bbox 306 1409 416 1478; x_wconf 82' lang='lat' dir='ltr'><strong>putet,</strong></span> <span class='ocrx_word' id='word_1_81' title='bbox 445 1395 550 1458; x_wconf 78' lang='lat' dir='ltr'><strong>Celtae</strong></span> <span class='ocrx_word' id='word_1_82' title='bbox 568 1413 583 1454; x_wconf 80' lang='lat' dir='ltr'>a</span> <span class='ocrx_word' id='word_1_83' title='bbox 601 1393 744 1464; x_wconf 74' lang='lat' dir='ltr'><strong>Graecis,</strong></span> <span class='ocrx_word' id='word_1_84' title='bbox 774 1394 890 1476; x_wconf 74' lang='lat' dir='ltr'><strong>quibus</strong></span> <span class='ocrx_word' id='word_1_85' title='bbox 913 1394 960 1452; x_wconf 93' lang='lat' dir='ltr'><strong>illi</strong></span> <span class='ocrx_word' id='word_1_86' title='bbox 981 1407 1103 1456; x_wconf 81' lang='lat' dir='ltr'><strong>tentum</strong></span> <span class='ocrx_word' id='word_1_87' title='bbox 1127 1397 1365 1468; x_wconf 78' lang='lat' dir='ltr'><strong>innotuerint,</strong></span> 
     </span>
     <span class='ocr_line' id='line_1_11' title="bbox 306 1493 1364 1577; baseline 0 -19"><span class='ocrx_word' id='word_1_88' title='bbox 306 1513 419 1558; x_wconf 87' lang='lat' dir='ltr'><strong>omuee</strong></span> <span class='ocrx_word' id='word_1_89' title='bbox 438 1495 544 1557; x_wconf 78' lang='lat' dir='ltr'><strong>Gallos</strong></span> <span class='ocrx_word' id='word_1_90' title='bbox 564 1497 734 1575; x_wconf 82' lang='lat' dir='ltr'><strong>adpellatoe</strong></span> <span class='ocrx_word' id='word_1_91' title='bbox 759 1493 863 1565; x_wconf 85' lang='lat' dir='ltr'><strong>luisse,</strong></span> <span class='ocrx_word' id='word_1_92' title='bbox 894 1515 973 1575; x_wconf 86' lang='lat' dir='ltr'><strong>quot</strong></span> <span class='ocrx_word' id='word_1_93' title='bbox 996 1499 1117 1577; x_wconf 89' lang='lat' dir='ltr'><strong>primue</strong></span> <span class='ocrx_word' id='word_1_94' title='bbox 1143 1496 1201 1558; x_wconf 93' lang='lat' dir='ltr'><strong>lul.</strong></span> <span class='ocrx_word' id='word_1_95' title='bbox 1230 1496 1364 1559; x_wconf 70' lang='lat' dir='ltr'><strong>Caesar</strong></span> 
     </span>
     <span class='ocr_line' id='line_1_12' title="bbox 306 1594 1361 1678; baseline 0.001 -21"><span class='ocrx_word' id='word_1_96' title='bbox 306 1594 369 1661; x_wconf 88' lang='lat' dir='ltr'><strong>luie</strong></span> <span class='ocrx_word' id='word_1_97' title='bbox 391 1597 577 1659; x_wconf 74' lang='lat' dir='ltr'><strong>nominibus</strong></span> <span class='ocrx_word' id='word_1_98' title='bbox 600 1597 785 1660; x_wconf 82' lang='lat' dir='ltr'><strong>distinxerit.</strong></span> <span class='ocrx_word' id='word_1_99' title='bbox 826 1595 897 1659; x_wconf 86' lang='lat' dir='ltr'><strong>Poll</strong></span> <span class='ocrx_word' id='word_1_100' title='bbox 915 1611 1019 1657; x_wconf 85' lang='lat' dir='ltr'><strong>tamen</strong></span> <span class='ocrx_word' id='word_1_101' title='bbox 1038 1595 1215 1678; x_wconf 85' lang='lat' dir='ltr'><strong>promiscue</strong></span> <span class='ocrx_word' id='word_1_102' title='bbox 1232 1598 1361 1660; x_wconf 72' lang='lat' dir='ltr'><strong>Celtee</strong></span> 
     </span>
     <span class='ocr_line' id='line_1_13' title="bbox 304 1699 1361 1782; baseline 0.002 -21"><span class='ocrx_word' id='word_1_103' title='bbox 304 1711 339 1762; x_wconf 87' lang='lat' dir='ltr'><strong>et</strong></span> <span class='ocrx_word' id='word_1_104' title='bbox 363 1699 443 1760; x_wconf 81' lang='lat' dir='ltr'><strong>Gelli</strong></span> <span class='ocrx_word' id='word_1_105' title='bbox 466 1701 501 1760; x_wconf 91' lang='lat' dir='ltr'><strong>in</strong></span> <span class='ocrx_word' id='word_1_106' title='bbox 528 1699 638 1760; x_wconf 85' lang='lat' dir='ltr'><strong>eedem</strong></span> <span class='ocrx_word' id='word_1_107' title='bbox 665 1699 761 1762; x_wconf 77' lang='lat' dir='ltr'><strong>etiarn</strong></span> <span class='ocrx_word' id='word_1_108' title='bbox 784 1699 962 1760; x_wconf 81' lang='lat' dir='ltr'><strong>uenatione</strong></span> <span class='ocrx_word' id='word_1_109' title='bbox 988 1699 1155 1769; x_wconf 83' lang='lat' dir='ltr'><strong>dicuntur,</strong></span> <span class='ocrx_word' id='word_1_110' title='bbox 1192 1713 1233 1760; x_wconf 91' lang='lat' dir='ltr'><strong>ut</strong></span> <span class='ocrx_word' id='word_1_111' title='bbox 1257 1701 1361 1782; x_wconf 65' lang='lat' dir='ltr'><strong>opud</strong></span> 
     </span>
     <span class='ocr_line' id='line_1_14' title="bbox 305 1801 1357 1886; baseline 0.002 -24"><span class='ocrx_word' id='word_1_112' title='bbox 305 1801 420 1864; x_wconf 77' lang='lat' dir='ltr'><strong>zosim.</strong></span> <span class='ocrx_word' id='word_1_113' title='bbox 441 1819 471 1872; x_wconf 85' lang='lat' dir='ltr'><strong>t.</strong></span> <span class='ocrx_word' id='word_1_114' title='bbox 488 1813 545 1880; x_wconf 78' lang='lat'>38.</span> <span class='ocrx_word' id='word_1_115' title='bbox 570 1812 602 1862; x_wconf 87' lang='lat' dir='ltr'><strong>et</strong></span> <span class='ocrx_word' id='word_1_116' title='bbox 623 1801 805 1862; x_wconf 84' lang='lat' dir='ltr'><strong>Pollionem</strong></span> <span class='ocrx_word' id='word_1_117' title='bbox 824 1801 858 1860; x_wconf 91' lang='lat' dir='ltr'><strong>in</strong></span> <span class='ocrx_word' id='word_1_118' title='bbox 875 1801 938 1860; x_wconf 80' lang='lat' dir='ltr'><strong>vite</strong></span> <span class='ocrx_word' id='word_1_119' title='bbox 956 1813 1001 1878; x_wconf 82' lang='lat'><strong>50</strong></span> <span class='ocrx_word' id='word_1_120' title='bbox 1020 1813 1231 1886; x_wconf 76' lang='lat' dir='ltr'><strong>tyrannorum</strong></span> <span class='ocrx_word' id='word_1_121' title='bbox 1259 1823 1292 1863; x_wconf 88' lang='lat' dir='ltr'><strong>c.</strong></span> <span class='ocrx_word' id='word_1_122' title='bbox 1317 1815 1357 1879; x_wconf 77' lang='lat'>3.</span> 
     </span>
     <span class='ocr_line' id='line_1_15' title="bbox 248 1901 1355 1982; baseline -0.001 -19"><span class='ocrx_word' id='word_1_123' title='bbox 248 1955 253 1963; x_wconf 84' lang='lat'>.</span> <span class='ocrx_word' id='word_1_124' title='bbox 302 1902 409 1966; x_wconf 85' lang='lat' dir='ltr'><strong>Primr</strong></span> <span class='ocrx_word' id='word_1_125' title='bbox 430 1903 591 1965; x_wconf 78' lang='lat' dir='ltr'>Celtarum</span> <span class='ocrx_word' id='word_1_126' title='bbox 614 1904 735 1963; x_wconf 87' lang='lat' dir='ltr'><strong>mentio</strong></span> <span class='ocrx_word' id='word_1_127' title='bbox 756 1905 891 1962; x_wconf 91' lang='lat' dir='ltr'><strong>occurrit</strong></span> <span class='ocrx_word' id='word_1_128' title='bbox 906 1901 938 1961; x_wconf 92' lang='lat' dir='ltr'><strong>in</strong></span> <span class='ocrx_word' id='word_1_129' title='bbox 957 1901 1122 1964; x_wconf 86' lang='lat' dir='ltr'><strong>Herodoto</strong></span> <span class='ocrx_word' id='word_1_130' title='bbox 1137 1915 1171 1980; x_wconf 77' lang='grc'><strong>4,</strong></span> <span class='ocrx_word' id='word_1_131' title='bbox 1190 1911 1255 1982; x_wconf 57' lang='lat'>49.</span> <span class='ocrx_word' id='word_1_132' title='bbox 1287 1903 1355 1962; x_wconf 89' lang='lat' dir='ltr'><strong>ubi</strong></span> 
     </span>
     <span class='ocr_line' id='line_1_16' title="bbox 305 2000 1355 2085; baseline -0.002 -19"><span class='ocrx_word' id='word_1_133' title='bbox 305 2005 454 2067; x_wconf 91' lang='lat' dir='ltr'><strong>omnium</strong></span> <span class='ocrx_word' id='word_1_134' title='bbox 482 2005 630 2082; x_wconf 83' lang='lat' dir='ltr'>Europae</span> <span class='ocrx_word' id='word_1_135' title='bbox 659 2005 853 2085; x_wconf 87' lang='lat' dir='ltr'><strong>populorum</strong></span> <span class='ocrx_word' id='word_1_136' title='bbox 874 2004 912 2063; x_wconf 82' lang='lat' dir='ltr'><strong>ad</strong></span> <span class='ocrx_word' id='word_1_137' title='bbox 935 2000 1077 2064; x_wconf 85' lang='lat' dir='ltr'><strong>occasum</strong></span> <span class='ocrx_word' id='word_1_138' title='bbox 1106 2003 1173 2084; x_wconf 90' lang='lat' dir='ltr'><strong>poll</strong></span> <span class='ocrx_word' id='word_1_139' title='bbox 1195 2005 1355 2081; x_wconf 77' lang='lat' dir='ltr'><strong>Cynetas</strong></span> 
     </span>
     <span class='ocr_line' id='line_1_17' title="bbox 303 2102 1353 2185; baseline -0.001 -18"><span class='ocrx_word' id='word_1_140' title='bbox 303 2105 439 2167; x_wconf 78' lang='lat' dir='ltr'>extremi</span> <span class='ocrx_word' id='word_1_141' title='bbox 464 2105 625 2165; x_wconf 90' lang='lat' dir='ltr'><strong>dicuntur.</strong></span> <span class='ocrx_word' id='word_1_142' title='bbox 677 2102 727 2166; x_wconf 85' lang='lat' dir='ltr'><strong>Cs.</strong></span> <span class='ocrx_word' id='word_1_143' title='bbox 753 2123 783 2172; x_wconf 83' lang='lat' dir='ltr'><strong>e.</strong></span> <span class='ocrx_word' id='word_1_144' title='bbox 809 2118 868 2182; x_wconf 75' lang='lat'>33.</span> <span class='ocrx_word' id='word_1_145' title='bbox 894 2119 925 2164; x_wconf 92' lang='lat' dir='ltr'><strong>et</strong></span> <span class='ocrx_word' id='word_1_146' title='bbox 948 2123 1026 2184; x_wconf 80' lang='lat' dir='ltr'><strong>quoe</strong></span> <span class='ocrx_word' id='word_1_147' title='bbox 1050 2105 1188 2185; x_wconf 77' lang='lat' dir='ltr'><strong>disputet</strong></span> <span class='ocrx_word' id='word_1_148' title='bbox 1215 2105 1353 2166; x_wconf 68' lang='lat' dir='ltr'><strong>li&#39;iartin</strong></span> 
     </span>
     <span class='ocr_line' id='line_1_18' title="bbox 301 2201 1350 2288; baseline -0.001 -21"><span class='ocrx_word' id='word_1_149' title='bbox 301 2224 336 2288; x_wconf 90' lang='lat' dir='ltr'><strong>p.</strong></span> <span class='ocrx_word' id='word_1_150' title='bbox 354 2204 425 2268; x_wconf 76' lang='lat'><strong>622</strong></span> <span class='ocrx_word' id='word_1_151' title='bbox 442 2201 483 2285; x_wconf 94' lang='lat' dir='ltr'><strong>sq.</strong></span> <span class='ocrx_word' id='word_1_152' title='bbox 536 2203 599 2266; x_wconf 75' lang='lat' dir='ltr'><strong>Alii</strong></span> <span class='ocrx_word' id='word_1_153' title='bbox 621 2217 725 2268; x_wconf 81' lang='lat' dir='ltr'><strong>temen</strong></span> <span class='ocrx_word' id='word_1_154' title='bbox 751 2203 820 2266; x_wconf 89' lang='lat' dir='ltr'><strong>lunt</strong></span> <span class='ocrx_word' id='word_1_155' title='bbox 836 2205 943 2268; x_wconf 85' lang='lat' dir='ltr'><strong>Celtae</strong></span> <span class='ocrx_word' id='word_1_156' title='bbox 967 2206 1121 2283; x_wconf 69' lang='lat' dir='ltr'><strong>Pythone,</strong></span> <span class='ocrx_word' id='word_1_157' title='bbox 1151 2224 1235 2286; x_wconf 81' lang='lat' dir='ltr'><strong>quos</strong></span> <span class='ocrx_word' id='word_1_158' title='bbox 1260 2207 1350 2266; x_wconf 86' lang='lat' dir='ltr'><strong>dum</strong></span> 
     </span>
     <span class='ocr_line' id='line_1_19' title="bbox 301 2304 1349 2387; baseline -0.001 -18"><span class='ocrx_word' id='word_1_159' title='bbox 301 2307 414 2370; x_wconf 79' lang='lat' dir='ltr'><strong>Strabo</strong></span> <span class='ocrx_word' id='word_1_160' title='bbox 436 2327 464 2368; x_wconf 89' lang='lat' dir='ltr'><strong>r.</strong></span> <span class='ocrx_word' id='word_1_161' title='bbox 488 2326 520 2387; x_wconf 89' lang='lat' dir='ltr'><strong>p.</strong></span> <span class='ocrx_word' id='word_1_162' title='bbox 537 2315 597 2384; x_wconf 68' lang='lat'>43.</span> <span class='ocrx_word' id='word_1_163' title='bbox 614 2304 633 2368; x_wconf 92' lang='lat' dir='ltr'><strong>s.</strong></span> <span class='ocrx_word' id='word_1_164' title='bbox 654 2307 712 2385; x_wconf 78' lang='lat'>63.</span> <span class='ocrx_word' id='word_1_165' title='bbox 734 2326 806 2366; x_wconf 92' lang='lat' dir='ltr'><strong>cum</strong></span> <span class='ocrx_word' id='word_1_166' title='bbox 823 2306 934 2368; x_wconf 82' lang='lat' dir='ltr'><strong>nollrie</strong></span> <span class='ocrx_word' id='word_1_167' title='bbox 957 2305 1149 2376; x_wconf 79' lang='lat' dir='ltr'><strong>commiscet,</strong></span> <span class='ocrx_word' id='word_1_168' title='bbox 1177 2307 1349 2383; x_wconf 80' lang='lat' dir='ltr'><strong>Pytheem</strong></span> 
     </span>
     <span class='ocr_line' id='line_1_20' title="bbox 301 2406 1349 2491; baseline 0 -23"><span class='ocrx_word' id='word_1_169' title='bbox 301 2409 461 2469; x_wconf 84' lang='lat' dir='ltr'><strong>mendacii</strong></span> <span class='ocrx_word' id='word_1_170' title='bbox 481 2409 595 2491; x_wconf 79' lang='lat' dir='ltr'><strong>arguit.</strong></span> <span class='ocrx_word' id='word_1_171' title='bbox 649 2407 773 2488; x_wconf 81' lang='lat' dir='ltr'><strong>Nempe</strong></span> <span class='ocrx_word' id='word_1_172' title='bbox 800 2407 850 2467; x_wconf 89' lang='lat' dir='ltr'><strong>ille</strong></span> <span class='ocrx_word' id='word_1_173' title='bbox 876 2407 971 2469; x_wconf 79' lang='lat' dir='ltr'><strong>hebet</strong></span> <span class='ocrx_word' id='word_1_174' title='bbox 997 2410 1030 2468; x_wconf 88' lang='lat' dir='ltr'><strong>in</strong></span> <span class='ocrx_word' id='word_1_175' title='bbox 1054 2409 1178 2488; x_wconf 81' lang='lat' dir='ltr'><strong>Europa</strong></span> <span class='ocrx_word' id='word_1_176' title='bbox 1203 2406 1349 2488; x_wconf 85' lang='lat' dir='ltr'><strong>septem-</strong></span> 
     </span>
     <span class='ocr_line' id='line_1_21' title="bbox 300 2507 1347 2593; baseline 0.001 -24"><span class='ocrx_word' id='word_1_177' title='bbox 300 2510 439 2572; x_wconf 84' lang='lat' dir='ltr'><strong>trioneli.</strong></span> <span class='ocrx_word' id='word_1_178' title='bbox 490 2510 559 2570; x_wconf 93' lang='lat' dir='ltr'>Vid.</span> <span class='ocrx_word' id='word_1_179' title='bbox 585 2509 725 2589; x_wconf 85' lang='lat' dir='ltr'><strong>pluribne</strong></span> <span class='ocrx_word' id='word_1_180' title='bbox 749 2509 860 2570; x_wconf 90' lang='lat' dir='ltr'><strong>Wedel</strong></span> <span class='ocrx_word' id='word_1_181' title='bbox 884 2512 918 2570; x_wconf 92' lang='lat' dir='ltr'><strong>in</strong></span> <span class='ocrx_word' id='word_1_182' title='bbox 944 2507 1157 2593; x_wconf 80' lang='lat' dir='ltr'><strong>Abhandluug</strong></span> <span class='ocrx_word' id='word_1_183' title='bbox 1177 2507 1260 2568; x_wconf 83' lang='lat' dir='ltr'><strong>iiber</strong></span> <span class='ocrx_word' id='word_1_184' title='bbox 1286 2509 1347 2570; x_wconf 86' lang='lat' dir='ltr'><strong>die</strong></span> 
     </span>
     <span class='ocr_line' id='line_1_22' title="bbox 301 2608 1346 2694; baseline 0 -24"><span class='ocrx_word' id='word_1_185' title='bbox 301 2609 398 2672; x_wconf 85' lang='lat' dir='ltr'><strong>liltere</strong></span> <span class='ocrx_word' id='word_1_186' title='bbox 421 2608 682 2672; x_wconf 80' lang='lat' dir='ltr'><strong>scandinavische</strong></span> <span class='ocrx_word' id='word_1_187' title='bbox 703 2608 815 2674; x_wconf 76' lang='lat' dir='ltr'><strong>oeten.</strong></span> <span class='ocrx_word' id='word_1_188' title='bbox 835 2629 905 2694; x_wconf 79' lang='lat' dir='ltr'>pag.</span> <span class='ocrx_word' id='word_1_189' title='bbox 929 2608 1027 2691; x_wconf 76' lang='lat' dir='ltr'>rss&#39;sq.</span> <span class='ocrx_word' id='word_1_190' title='bbox 1051 2623 1144 2689; x_wconf 83' lang='lat' dir='ltr'><strong>etque</strong></span> <span class='ocrx_word' id='word_1_191' title='bbox 1164 2627 1217 2669; x_wconf 81' lang='lat' dir='ltr'><strong>eos</strong></span> <span class='ocrx_word' id='word_1_192' title='bbox 1238 2610 1346 2670; x_wconf 76' lang='lat' dir='ltr'><strong>etiem</strong></span> 
     </span>
     <span class='ocr_line' id='line_1_23' title="bbox 301 2705 1344 2795; baseline 0.001 -26"><span class='ocrx_word' id='word_1_193' title='bbox 301 2711 415 2772; x_wconf 73' lang='lat' dir='ltr'><strong>Livius</strong></span> <span class='ocrx_word' id='word_1_194' title='bbox 431 2723 464 2787; x_wconf 84' lang='lat'><strong>5,</strong></span> <span class='ocrx_word' id='word_1_195' title='bbox 488 2725 546 2792; x_wconf 81' lang='lat'>57.</span> <span class='ocrx_word' id='word_1_196' title='bbox 563 2714 607 2774; x_wconf 90' lang='lat' dir='ltr'><strong>in.</strong></span> <span class='ocrx_word' id='word_1_197' title='bbox 628 2709 797 2795; x_wconf 83' lang='lat' dir='ltr'><strong>intelligit.</strong></span> <span class='ocrx_word' id='word_1_198' title='bbox 834 2713 888 2792; x_wconf 90' lang='lat' dir='ltr'><strong>qni</strong></span> <span class='ocrx_word' id='word_1_199' title='bbox 912 2709 991 2772; x_wconf 89' lang='lat' dir='ltr'><strong>sorte</strong></span> <span class='ocrx_word' id='word_1_200' title='bbox 1016 2710 1053 2770; x_wconf 86' lang='lat' dir='ltr'><strong>ab</strong></span> <span class='ocrx_word' id='word_1_201' title='bbox 1082 2705 1344 2780; x_wconf 70' lang='lat' dir='ltr'><strong>Massiliensibus,</strong></span> 
     </span>
     <span class='ocr_line' id='line_1_24' title="bbox 300 2809 1346 2894; baseline -0.002 -22"><span class='ocrx_word' id='word_1_202' title='bbox 300 2809 559 2894; x_wconf 77' lang='lat' dir='ltr'><strong>septemtrionem</strong></span> <span class='ocrx_word' id='word_1_203' title='bbox 580 2813 779 2882; x_wconf 73' lang='lat' dir='ltr'><strong>adeuntibus,</strong></span> <span class='ocrx_word' id='word_1_204' title='bbox 804 2812 921 2884; x_wconf 62' lang='lat' dir='ltr'><strong>nollem</strong></span> <span class='ocrx_word' id='word_1_205' title='bbox 957 2809 998 2872; x_wconf 83' lang='lat' dir='ltr'><strong>ab</strong></span> <span class='ocrx_word' id='word_1_206' title='bbox 1014 2810 1141 2871; x_wconf 81' lang='lat' dir='ltr'><strong>Oceano</strong></span> <span class='ocrx_word' id='word_1_207' title='bbox 1159 2813 1262 2876; x_wconf 88' lang='lat' dir='ltr'><strong>enim.</strong></span> <span class='ocrx_word' id='word_1_208' title='bbox 1288 2812 1346 2870; x_wconf 88' lang='lat' dir='ltr'><strong>in·</strong></span> 
     </span>
     <span class='ocr_line' id='line_1_25' title="bbox 300 2903 1342 2999; baseline 0.001 -25"><span class='ocrx_word' id='word_1_209' title='bbox 300 2915 388 2996; x_wconf 89' lang='lat' dir='ltr'><strong>quit,</strong></span> <span class='ocrx_word' id='word_1_210' title='bbox 405 2914 599 2996; x_wconf 33' lang='lat' dir='ltr'><strong>‘ultimisque</strong></span> <span class='ocrx_word' id='word_1_211' title='bbox 624 2915 689 2974; x_wconf 81' lang='lat' dir='ltr'><strong>oris</strong></span> <span class='ocrx_word' id='word_1_212' title='bbox 721 2911 831 2975; x_wconf 82' lang='lat' dir='ltr'><strong>bellum</strong></span> <span class='ocrx_word' id='word_1_213' title='bbox 863 2912 978 2974; x_wconf 77' lang='lat' dir='ltr'><strong>Italiae</strong></span> <span class='ocrx_word' id='word_1_214' title='bbox 1003 2903 1157 2999; x_wconf 83' lang='lat' dir='ltr'><strong>intuliffe,</strong></span> <span class='ocrx_word' id='word_1_215' title='bbox 1192 2913 1240 2970; x_wconf 90' lang='lat' dir='ltr'><strong>nti</strong></span> <span class='ocrx_word' id='word_1_216' title='bbox 1267 2909 1342 2975; x_wconf 87' lang='lat' dir='ltr'><strong>sere</strong></span> 
     </span>
     <span class='ocr_line' id='line_1_26' title="bbox 298 3011 1344 3098; baseline -0.002 -20"><span class='ocrx_word' id='word_1_217' title='bbox 298 3014 438 3093; x_wconf 74' lang='lat' dir='ltr'><strong>Pytheas</strong></span> <span class='ocrx_word' id='word_1_218' title='bbox 460 3017 541 3097; x_wconf 86' lang='lat' dir='ltr'><strong>apud</strong></span> <span class='ocrx_word' id='word_1_219' title='bbox 559 3013 704 3078; x_wconf 83' lang='lat' dir='ltr'><strong>Strobon.</strong></span> <span class='ocrx_word' id='word_1_220' title='bbox 723 3031 754 3077; x_wconf 85' lang='lat' dir='ltr'><strong>tt.</strong></span> <span class='ocrx_word' id='word_1_221' title='bbox 778 3036 809 3098; x_wconf 92' lang='lat' dir='ltr'><strong>p.</strong></span> <span class='ocrx_word' id='word_1_222' title='bbox 827 3030 885 3088; x_wconf 88' lang='lat'><strong>71.</strong></span> <span class='ocrx_word' id='word_1_223' title='bbox 902 3013 923 3076; x_wconf 89' lang='lat' dir='ltr'><strong>s.</strong></span> <span class='ocrx_word' id='word_1_224' title='bbox 944 3023 1020 3092; x_wconf 75' lang='lat'><strong>¹⁰4·</strong></span> <span class='ocrx_word' id='word_1_225' title='bbox 1041 3011 1344 3094; x_wconf 81' lang='lat' dir='ltr'><strong>septemtrionalem</strong></span> 
     </span>
     <span class='ocr_line' id='line_1_27' title="bbox 298 3110 1342 3202; baseline 0 -24"><span class='ocrx_word' id='word_1_226' title='bbox 298 3116 480 3202; x_wconf 81' lang='lat' dir='ltr'><strong>Europam,</strong></span> <span class='ocrx_word' id='word_1_227' title='bbox 521 3114 577 3176; x_wconf 91' lang='lat' dir='ltr'><strong>ubi</strong></span> <span class='ocrx_word' id='word_1_228' title='bbox 603 3117 696 3197; x_wconf 87' lang='lat' dir='ltr'><strong>ponit</strong></span> <span class='ocrx_word' id='word_1_229' title='bbox 721 3116 873 3180; x_wconf 74' lang='lat' dir='ltr'><strong>Celticum</strong></span> <span class='ocrx_word' id='word_1_230' title='bbox 906 3113 1007 3182; x_wconf 84' lang='lat' dir='ltr'><strong>suam,</strong></span> <span class='ocrx_word' id='word_1_231' title='bbox 1049 3111 1148 3202; x_wconf 74' lang='grc' dir='ltr'>μέχρι</span> <span class='ocrx_word' id='word_1_232' title='bbox 1173 3111 1237 3176; x_wconf 77' lang='grc' dir='ltr'><strong>τῶν</strong></span> <span class='ocrx_word' id='word_1_233' title='bbox 1270 3110 1342 3178; x_wconf 76' lang='grc' dir='ltr'><strong>τοῦ</strong></span> 
     </span>
     <span class='ocr_line' id='line_1_28' title="bbox 302 3212 1343 3306; baseline -0.005 -24"><span class='ocrx_word' id='word_1_234' title='bbox 302 3213 428 3306; x_wconf 72' lang='grc' dir='ltr'>κόσμου</span> <span class='ocrx_word' id='word_1_235' title='bbox 445 3212 590 3304; x_wconf 78' lang='grc' dir='ltr'>περάτων</span> <span class='ocrx_word' id='word_1_236' title='bbox 607 3216 635 3280; x_wconf 90' lang='lat' dir='ltr'><strong>le</strong></span> <span class='ocrx_word' id='word_1_237' title='bbox 650 3217 754 3281; x_wconf 77' lang='lat' dir='ltr'><strong>adiisse</strong></span> <span class='ocrx_word' id='word_1_238' title='bbox 769 3217 924 3294; x_wconf 76' lang='lat' dir='ltr'><strong>retulerat,</strong></span> <span class='ocrx_word' id='word_1_239' title='bbox 950 3215 1037 3295; x_wconf 87' lang='lat' dir='ltr'><strong>qnod</strong></span> <span class='ocrx_word' id='word_1_240' title='bbox 1056 3217 1137 3276; x_wconf 89' lang='lat' dir='ltr'><strong>ridet</strong></span> <span class='ocrx_word' id='word_1_241' title='bbox 1150 3215 1273 3280; x_wconf 76' lang='lat' dir='ltr'><strong>Strabo,</strong></span> <span class='ocrx_word' id='word_1_242' title='bbox 1300 3229 1343 3278; x_wconf 81' lang='lat' dir='ltr'><strong>et</strong></span> 
     </span>
     <span class='ocr_line' id='line_1_29' title="bbox 302 3315 1342 3398; baseline -0.005 -16"><span class='ocrx_word' id='word_1_243' title='bbox 302 3340 344 3382; x_wconf 87' lang='lat' dir='ltr'><strong>ne</strong></span> <span class='ocrx_word' id='word_1_244' title='bbox 362 3321 517 3381; x_wconf 83' lang='lat' dir='ltr'><strong>Mercurio</strong></span> <span class='ocrx_word' id='word_1_245' title='bbox 533 3319 664 3398; x_wconf 86' lang='lat' dir='ltr'><strong>quidem</strong></span> <span class='ocrx_word' id='word_1_246' title='bbox 684 3319 876 3381; x_wconf 87' lang='lat' dir='ltr'><strong>credendum</strong></span> <span class='ocrx_word' id='word_1_247' title='bbox 894 3317 1007 3380; x_wconf 87' lang='lat' dir='ltr'><strong>censet.</strong></span> <span class='ocrx_word' id='word_1_248' title='bbox 1054 3319 1120 3378; x_wconf 85' lang='lat' dir='ltr'><strong>lem</strong></span> <span class='ocrx_word' id='word_1_249' title='bbox 1142 3317 1228 3376; x_wconf 89' lang='lat' dir='ltr'><strong>enim</strong></span> <span class='ocrx_word' id='word_1_250' title='bbox 1243 3315 1342 3377; x_wconf 84' lang='lat' dir='ltr'><strong>Livii</strong></span> 
     </span>
     <span class='ocr_line' id='line_1_30' title="bbox 301 3416 1339 3504; baseline -0.002 -22"><span class='ocrx_word' id='word_1_251' title='bbox 301 3433 447 3504; x_wconf 89' lang='lat' dir='ltr'><strong>tempore</strong></span> <span class='ocrx_word' id='word_1_252' title='bbox 464 3419 645 3504; x_wconf 77' lang='lat' dir='ltr'><strong>septemtrio</strong></span> <span class='ocrx_word' id='word_1_253' title='bbox 662 3422 741 3482; x_wconf 85' lang='lat' dir='ltr'><strong>ultre</strong></span> <span class='ocrx_word' id='word_1_254' title='bbox 758 3421 861 3483; x_wconf 81' lang='lat' dir='ltr'><strong>Albim</strong></span> <span class='ocrx_word' id='word_1_255' title='bbox 876 3421 1062 3501; x_wconf 83' lang='lat' dir='ltr'><strong>ponebatur.</strong></span> <span class='ocrx_word' id='word_1_256' title='bbox 1092 3420 1218 3478; x_wconf 87' lang='lat' dir='ltr'><strong>Docent</strong></span> <span class='ocrx_word' id='word_1_257' title='bbox 1231 3416 1339 3480; x_wconf 84' lang='lat' dir='ltr'><strong>etiam</strong></span> 
     </span>
     <span class='ocr_line' id='line_1_31' title="bbox 299 3518 1338 3603; baseline -0.006 -18"><span class='ocrx_word' id='word_1_258' title='bbox 299 3521 573 3603; x_wconf 78' lang='lat' dir='ltr'><strong>celto-Scythae,</strong></span> <span class='ocrx_word' id='word_1_259' title='bbox 614 3521 652 3582; x_wconf 85' lang='lat' dir='ltr'><strong>stc</strong></span> <span class='ocrx_word' id='word_1_260' title='bbox 678 3535 713 3582; x_wconf 94' lang='lat' dir='ltr'><strong>ut</strong></span> <span class='ocrx_word' id='word_1_261' title='bbox 737 3521 834 3584; x_wconf 79' lang='lat' dir='ltr'><strong>Celtis</strong></span> <span class='ocrx_word' id='word_1_262' title='bbox 863 3519 1055 3582; x_wconf 86' lang='lat' dir='ltr'><strong>snccelserint</strong></span> <span class='ocrx_word' id='word_1_263' title='bbox 1079 3519 1230 3597; x_wconf 82' lang='lat' dir='ltr'><strong>Scythae.</strong></span> <span class='ocrx_word' id='word_1_264' title='bbox 1261 3518 1338 3598; x_wconf 82' lang='lat' dir='ltr'><strong>post</strong></span> 
     </span>
     <span class='ocr_line' id='line_1_32' title="bbox 298 3617 1335 3700; baseline -0.004 -14"><span class='ocrx_word' id='word_1_265' title='bbox 298 3644 372 3686; x_wconf 84' lang='lat' dir='ltr'><strong>cunr</strong></span> <span class='ocrx_word' id='word_1_266' title='bbox 395 3627 433 3686; x_wconf 80' lang='lat' dir='ltr'><strong>iis</strong></span> <span class='ocrx_word' id='word_1_267' title='bbox 454 3617 621 3686; x_wconf 75' lang='lat' dir='ltr'><strong>commill&#39;t.</strong></span> <span class='ocrx_word' id='word_1_268' title='bbox 660 3623 812 3684; x_wconf 84' lang='lat' dir='ltr'><strong>Celticum</strong></span> <span class='ocrx_word' id='word_1_269' title='bbox 832 3640 908 3683; x_wconf 85' lang='lat' dir='ltr'><strong>vero</strong></span> <span class='ocrx_word' id='word_1_270' title='bbox 929 3621 1067 3700; x_wconf 83' lang='lat' dir='ltr'><strong>Pytlteae</strong></span> <span class='ocrx_word' id='word_1_271' title='bbox 1084 3620 1335 3682; x_wconf 82' lang='lat' dir='ltr'><strong>Scandinaviam</strong></span> 
     </span>
     <span class='ocr_line' id='line_1_33' title="bbox 296 3720 1334 3804; baseline -0.005 -17"><span class='ocrx_word' id='word_1_272' title='bbox 296 3723 404 3796; x_wconf 81' lang='lat' dir='ltr'><strong>fuisse,</strong></span> <span class='ocrx_word' id='word_1_273' title='bbox 430 3726 536 3786; x_wconf 78' lang='lat' dir='ltr'><strong>[leniit</strong></span> <span class='ocrx_word' id='word_1_274' title='bbox 550 3723 680 3794; x_wconf 86' lang='lat' dir='ltr'><strong>Wedel‚</strong></span> <span class='ocrx_word' id='word_1_275' title='bbox 710 3724 835 3804; x_wconf 89' lang='lat' dir='ltr'><strong>dequo</strong></span> <span class='ocrx_word' id='word_1_276' title='bbox 857 3720 946 3783; x_wconf 81' lang='lat' dir='ltr'><strong>insta.</strong></span> <span class='ocrx_word' id='word_1_277' title='bbox 999 3723 1054 3782; x_wconf 93' lang='lat' dir='ltr'><strong>Uti</strong></span> <span class='ocrx_word' id='word_1_278' title='bbox 1071 3721 1122 3781; x_wconf 88' lang='lat' dir='ltr'><strong>hic</strong></span> <span class='ocrx_word' id='word_1_279' title='bbox 1141 3721 1249 3783; x_wconf 80' lang='lat' dir='ltr'><strong>Celtae</strong></span> <span class='ocrx_word' id='word_1_280' title='bbox 1275 3741 1334 3782; x_wconf 78' lang='lat' dir='ltr'><strong>en-</strong></span> 
     </span>
     <span class='ocr_line' id='line_1_34' title="bbox 297 3821 1333 3911; baseline -0.008 -20"><span class='ocrx_word' id='word_1_281' title='bbox 297 3828 426 3911; x_wconf 78' lang='lat' dir='ltr'><strong>gusliori</strong></span> <span class='ocrx_word' id='word_1_282' title='bbox 446 3824 532 3887; x_wconf 88' lang='lat' dir='ltr'><strong>seusu</strong></span> <span class='ocrx_word' id='word_1_283' title='bbox 554 3825 719 3896; x_wconf 89' lang='lat' dir='ltr'><strong>dicuntur,</strong></span> <span class='ocrx_word' id='word_1_284' title='bbox 745 3825 874 3886; x_wconf 89' lang='lat' dir='ltr'><strong>illorum</strong></span> <span class='ocrx_word' id='word_1_285' title='bbox 888 3824 1050 3906; x_wconf 78' lang='lat' dir='ltr'><strong>regionem</strong></span> <span class='ocrx_word' id='word_1_286' title='bbox 1069 3821 1179 3883; x_wconf 89' lang='lat' dir='ltr'><strong>Noller</strong></span> <span class='ocrx_word' id='word_1_287' title='bbox 1197 3823 1333 3904; x_wconf 83' lang='lat' dir='ltr'><strong>portigit</strong></span> 
     </span>
     <span class='ocr_line' id='line_1_35' title="bbox 297 3922 1330 4006; baseline -0.003 -17"><span class='ocrx_word' id='word_1_288' title='bbox 297 3947 316 3989; x_wconf 80' lang='lat' dir='ltr'><strong>e</strong></span> <span class='ocrx_word' id='word_1_289' title='bbox 331 3929 490 3989; x_wconf 79' lang='lat' dir='ltr'><strong>Garumna</strong></span> <span class='ocrx_word' id='word_1_290' title='bbox 506 3927 544 3987; x_wconf 85' lang='lat' dir='ltr'><strong>ad</strong></span> <span class='ocrx_word' id='word_1_291' title='bbox 558 3927 748 4006; x_wconf 80' lang='lat' dir='ltr'><strong>Sequanam.</strong></span> <span class='ocrx_word' id='word_1_292' title='bbox 775 3945 847 3988; x_wconf 93' lang='lat' dir='ltr'><strong>cum</strong></span> <span class='ocrx_word' id='word_1_293' title='bbox 864 3943 927 4006; x_wconf 92' lang='lat' dir='ltr'><strong>quo</strong></span> <span class='ocrx_word' id='word_1_294' title='bbox 945 3922 1102 3984; x_wconf 82' lang='lat' dir='ltr'><strong>consentit</strong></span> <span class='ocrx_word' id='word_1_295' title='bbox 1118 3924 1201 3984; x_wconf 87' lang='lat' dir='ltr'><strong>Plin.</strong></span> <span class='ocrx_word' id='word_1_296' title='bbox 1216 3935 1250 4000; x_wconf 78' lang='grc'><strong>4,</strong></span> <span class='ocrx_word' id='word_1_297' title='bbox 1268 3937 1330 4002; x_wconf 82' lang='lat'>51.</span> 
     </span>
     <span class='ocr_line' id='line_1_36' title="bbox 296 4021 1330 4108; baseline -0.003 -18"><span class='ocrx_word' id='word_1_298' title='bbox 296 4025 320 4091; x_wconf 89' lang='lat' dir='ltr'><strong>s.</strong></span> <span class='ocrx_word' id='word_1_299' title='bbox 343 4043 397 4104; x_wconf 80' lang='lat'>17.</span> <span class='ocrx_word' id='word_1_300' title='bbox 431 4025 481 4090; x_wconf 69' lang='grc' dir='ltr'><strong>ΟΕ.</strong></span> <span class='ocrx_word' id='word_1_301' title='bbox 498 4027 636 4090; x_wconf 86' lang='lat' dir='ltr'><strong>Ptolem.</strong></span> <span class='ocrx_word' id='word_1_302' title='bbox 650 4042 682 4098; x_wconf 76' lang='grc' dir='ltr'><strong>α,</strong></span> <span class='ocrx_word' id='word_1_303' title='bbox 699 4041 731 4106; x_wconf 80' lang='grc'><strong>8.</strong></span> <span class='ocrx_word' id='word_1_304' title='bbox 767 4027 861 4090; x_wconf 86' lang='lat' dir='ltr'><strong>Nove</strong></span> <span class='ocrx_word' id='word_1_305' title='bbox 874 4027 911 4088; x_wconf 77' lang='lat' dir='ltr'><strong>ab</strong></span> <span class='ocrx_word' id='word_1_306' title='bbox 931 4025 1063 4108; x_wconf 78' lang='lat' dir='ltr'><strong>Augusto</strong></span> <span class='ocrx_word' id='word_1_307' title='bbox 1079 4021 1155 4084; x_wconf 81' lang='lat' dir='ltr'><strong>secte</strong></span> <span class='ocrx_word' id='word_1_308' title='bbox 1171 4027 1330 4088; x_wconf 78' lang='lat' dir='ltr'><strong>divisione</strong></span> 
     </span>
     <span class='ocr_line' id='line_1_37' title="bbox 297 4124 1328 4224; baseline -0.007 -30"><span class='ocrx_word' id='word_1_309' title='bbox 297 4124 520 4224; x_wconf 77' lang='lat' dir='ltr'><strong>Lugdunenses</strong></span> <span class='ocrx_word' id='word_1_310' title='bbox 536 4128 688 4213; x_wconf 78' lang='lat' dir='ltr'><strong>edpellete</strong></span> <span class='ocrx_word' id='word_1_311' title='bbox 706 4129 765 4202; x_wconf 85' lang='lat' dir='ltr'><strong>esi,</strong></span> <span class='ocrx_word' id='word_1_312' title='bbox 795 4141 879 4194; x_wconf 83' lang='lat' dir='ltr'><strong>certe</strong></span> <span class='ocrx_word' id='word_1_313' title='bbox 896 4127 1030 4190; x_wconf 77' lang='lat' dir='ltr'><strong>eandem</strong></span> <span class='ocrx_word' id='word_1_314' title='bbox 1051 4124 1128 4200; x_wconf 85' lang='lat' dir='ltr'><strong>elle,</strong></span> <span class='ocrx_word' id='word_1_315' title='bbox 1161 4146 1239 4210; x_wconf 83' lang='lat' dir='ltr'><strong>quae</strong></span> <span class='ocrx_word' id='word_1_316' title='bbox 1256 4125 1328 4191; x_wconf 88' lang='lat' dir='ltr'><strong>Cel·</strong></span> 
     </span>
    </p>
   </div>
   <div class='ocr_carea' id='block_1_3' title="bbox 0 0 1378 4888">
    <p class='ocr_par' dir='ltr' id='par_1_3' title="bbox 0 0 1378 4888">
     <span class='ocr_line' id='line_1_38' title="bbox 0 0 1378 4888; baseline 0 6"><span class='ocrx_word' id='word_1_317' title='bbox 0 0 1378 4888; x_wconf 95' lang='lat' dir='ltr'><strong> </strong></span> 
     </span>
    </p>
   </div>
  </div>
 </body>
</html>
