2696 4896
135 432 335 492 turone.
366 431 471 488 utar.
513 429 621 488 nrn
664 421 768 492 cvr.
808 430 886 507 Η.
962 447 1021 514 ¹95

28 605 308 690 corunduntsngli‚
335 605 437 667 veluti
454 605 555 675 Price,
578 605 732 678 Sammee,
757 621 851 690 negat
873 606 1018 689 pluribus

28 715 103 778 notor
121 715 150 770 in
172 709 339 770 Memoirea
354 741 405 800 -j
422 707 462 768 de
478 707 566 768 Paria
582 707 623 769 T.
644 720 698 784 ιδ.
719 728 751 791 p.
773 728 788 773 ι
795 720 842 789 59
859 707 921 792 sqq,
956 711 1018 774 Re·

28 813 86 898 lqna
99 814 237 892 deincepe
252 829 291 872 etr
308 808 419 872 ordine
435 829 452 870 a
466 807 550 872 Mela
566 807 720 874 instituto.

78 1033 213 1094 proge
228 1034 248 1073 n
263 1009 399 1093 eret)
448 1011 647 1092 Utugignere‚
664 1003 774 1101 ferre,
800 1015 963 1094 provettire
987 1027 1021 1080 et

28 1129 137 1202 tegnam
173 1117 223 1177 Sic
247 1136 275 1184 t,
303 1124 356 1189 18,
381 1135 410 1176 r.
441 1115 560 1174 Pitane
587 1111 747 1204 Arcefilan
770 1116 855 1179 tulit.
907 1117 1020 1183 Horat.

29 1220 89 1282 odat.
110 1231 137 1296 3,
159 1217 190 1286 6,
210 1217 271 1296 46.
299 1227 389 1276 aetas
414 1225 600 1294 parerttnm,
631 1217 719 1294 peior
742 1217 828 1288 avis,
864 1217 939 1278 tutte
964 1241 1021 1280 nos

28 1320 163 1401 macres.
212 1319 264 1379 Sic
291 1312 399 1402 φέρειν
420 1317 503 1399 apud
527 1317 700 1378 Herodian.
721 1337 749 1387 r,
774 1335 804 1387 a,
828 1333 861 1394 7.
884 1334 916 1380 et
932 1320 1020 1383 alioe.

28 1419 63 1484 lic
84 1431 240 1500 proventus
265 1418 421 1478 clarorum
449 1420 594 1477 virorum
621 1418 728 1480 iussin.
747 1433 803 1493 13,
829 1435 857 1491 t,
878 1435 932 1482 ta.
967 1421 1024 1482 ubi

29 1521 93 1602 plura
119 1519 267 1580 dederunt
295 1519 508 1580 Berneccerue
533 1531 565 1580 et
592 1517 737 1581 Gronov.
781 1515 832 1582 Cf.
863 1522 960 1584 Corte
984 1523 1025 1583 etl

30 1619 118 1684 sallust.
142 1620 229 1684 Catil.
245 1641 315 1703 cap.
332 1631 365 1696 θ.
394 1619 451 1680 ubi
469 1621 509 1681 sic
526 1621 690 1700 provenire
712 1621 838 1683 dicitur.
871 1622 1025 1686 Alummtt

32 1721 113 1784 soler
126 1737 155 1792 a,
172 1735 203 1800 5,
223 1742 254 1786 r.
278 1736 312 1782 et
331 1719 423 1785 alibi.

83 1925 204 2003 aperit
213 1923 232 2006 )
268 1923 437 1988 concinne
454 1919 623 2007 respondet
638 1921 690 2007 cpi
703 1913 853 2017 clausam.
881 1927 934 1988 Sic
950 1943 1027 1990 veto

28 2037 114 2110 gentes
127 2045 158 2087 ac
174 2045 263 2111 reget
279 2023 390 2086 bellum
406 2019 558 2114 aperuiffe
573 2029 651 2088 dicit
666 2029 767 2089 Tacit.
784 2029 892 2090 Germ.
909 2048 975 2112 cap.
997 2049 1026 2091 t.

28 2125 68 2186 lic
79 2117 196 2216 reserare
207 2127 348 2189 victoria
364 2127 505 2188 Daciam
521 2127 545 2188 F
546 2129 664 2190 rontin.
683 2131 714 2190 in
730 2127 826 2210 praes.
849 2131 888 2190 de
902 2149 951 2200 eo,
974 2129 1029 2214 qus

34 2229 123 2310 prinae
145 2231 342 2310 provinciam
374 2229 526 2290 domandi
551 2227 639 2290 causa
667 2230 860 2313 ingreditur,
892 2245 930 2291 ut
956 2251 1030 2294 con·

35 2323 169 2400 inmune,
195 2332 249 2411 qui
267 2329 421 2400 debellat,
445 2345 477 2392 et
499 2331 532 2389 in
547 2331 729 2411 provinciae
745 2327 879 2392 sormam
894 2333 1028 2416 redegit.

36 2427 188 2492 sidnorae
201 2429 332 2493 miscell.
347 2429 469 2492 observ.
490 2431 530 2492 T.
547 2440 580 2509 4.
600 2451 631 2512 p.
654 2432 734 2505 167.
788 2431 876 2493 idern
896 2432 1032 2494 verbum

36 2527 135 2591 tlbibet
147 2532 179 2592 in
193 2531 251 2594 hac
264 2533 443 2594 narratione
466 2533 639 2594 Ioruandea
653 2533 693 2593 de
706 2531 801 2594 rebue
815 2533 934 2596 Geticis
952 2553 979 2596 c.
996 2549 1030 2598 a.

37 2627 75 2689 abi
92 2633 212 2695 omnino
235 2633 337 2694 muita
357 2652 396 2706 etr
429 2633 534 2696 noslro
557 2633 743 2715 depromsit,
778 2631 829 2696 sed
851 2633 889 2696 ad
914 2635 1034 2696 Iulium

37 2727 163 2794 Caesarem
181 2731 297 2806 refert,
323 2734 431 2795 minua
454 2733 547 2797 bene.
584 2734 647 2796 Hic
666 2735 771 2804 enim,
794 2736 841 2794 uti
858 2734 960 2796 scribit
974 2737 1035 2798 Ta·

38 2829 94 2893 citur
109 2835 138 2894 in
157 2835 302 2919 Agricola
323 2855 390 2918 cap.
410 2849 465 2914 13.
494 2834 548 2897 etsi
569 2839 691 2916 primur
710 2835 857 2897 omniurn
874 2837 1035 2899 Romano·

36 2947 88 2991 tom
108 2953 174 2996 cum
199 2939 340 2998 exercitu
361 2957 430 2998 earn
453 2936 500 2998 bie
517 2937 647 3017 quidem
669 2934 817 3019 ingressae
839 2935 898 3010 esi,
932 2938 1036 3000 videri

38 3043 115 3096 umen
134 3037 234 3120 potesi
260 3037 422 3100 ostendisse
445 3037 593 3121 peslerio,
625 3057 692 3098 non
718 3037 882 3099 tradidisse.
934 3039 1037 3100 itaet

38 3131 400 3220 tlii‚ve1utittppian.de
421 3139 459 3200 B.
481 3135 556 3202 Cir.
573 3155 606 3208 e,
628 3151 708 3216 150.
733 3135 823 3200 Oros.
843 3153 876 3214 7,
896 3139 929 3201 6.
958 3157 1038 3198 nun·

39 3252 108 3310 quun
135 3253 223 3302 antea
256 3252 413 3300 tentatum
449 3239 613 3302 Oceanum
643 3239 863 3300 Britannicum
901 3251 1037 3303 narrant.

40 3331 88 3396 Nec
100 3337 209 3412 obstat,
237 3340 322 3420 quod
337 3338 401 3421 ipse
415 3340 455 3403 de
470 3341 652 3402 Britanniae
668 3341 725 3400 satu
740 3353 772 3400 et
787 3338 887 3401 forma
905 3339 1039 3424 diligen*

41 3445 72 3495 ltr
84 3443 220 3520 exponit,
248 3444 400 3521 quianon
417 3442 493 3503 baec
511 3440 627 3511 solunt,
654 3439 704 3502 sed
726 3453 774 3510 et,
801 3441 937 3521 quaeda
960 3439 1039 3501 inte·

41 3536 146 3602 rioribua
168 3541 332 3602 Britannia
358 3539 477 3613 scribit,
509 3561 547 3602 ex
571 3539 652 3603 sarna
677 3543 803 3611 didicit,
837 3541 963 3601 cunrad
986 3557 1041 3602 eoa

42 3654 171 3720 nunquam
192 3663 268 3721 eum
284 3643 454 3724 penetrasse
476 3663 514 3706 ex
537 3643 629 3723 ipstue
651 3645 888 3704 commentariis
910 3639 1040 3702 constet.

42 3733 109 3800 Idem
122 3744 283 3805 adfirmant
296 3757 330 3805 et
344 3743 406 3814 alii,
431 3745 544 3806 Strabo
559 3756 593 3822 4.
618 3763 686 3828 pag.
708 3754 787 3820 158.
804 3741 825 3803 s.
845 3757 928 3802 noo.
956 3755 988 3804 ct
1009 3741 1042 3802 in

44 3839 129 3916 primia
146 3847 207 3908 Dio
225 3859 281 3924 39,
307 3857 364 3923 53.
382 3858 415 3905 et
431 3853 490 3922 4ο,
507 3857 542 3924 4.
585 3843 636 3907 Cs.
653 3841 759 3904 Daris.
782 3843 819 3902 ad
844 3840 931 3904 Caes.
948 3843 988 3904 dc
1002 3841 1041 3904 B.

46 3935 72 4000 G·
85 3953 112 4016 5,
131 3959 182 4020 t3.
198 3931 245 4008 in.
271 3945 375 4007 Nimia
388 3944 485 4028 igitur
498 3947 672 4028 magnifice,
691 3961 800 4025 parunt
816 3957 900 4004 recte
911 3945 1043 4006 Diodor.

46 4037 89 4102 Sit·
101 4055 130 4118 5,
144 4061 199 4110 at.
217 4045 348 4107 insulam
368 4045 407 4106 ab
422 4064 461 4108 eo
478 4043 632 4107 subactam
650 4043 709 4105 esse
732 4039 845 4106 scribit.
892 4045 1046 4106 Fecerunt

47 4139 95 4218 poss
107 4141 181 4210 bella
191 4147 307 4212 Gallica
323 4159 355 4210 et
369 4148 491 4222 civilia,
510 4160 551 4210 ut
564 4147 745 4212 Britanniae
762 4165 835 4210 cura
849 4143 1047 4212 abiiceretur.

635 4245 667 4311 N
696 4261 719 4314 2
