2746 4894
290 423 356 486 μα
559 405 720 466 norae
761 405 1063 468 axaoerrcta

291 603 333 648 aa
346 573 499 674 fractam
516 579 644 662 expellit
666 581 699 642 in
720 579 888 646 neeridietra.
929 583 978 642 Ex
993 581 1216 666 quoadparet,
1241 576 1316 646 irm-

289 681 440 771 ptionem
464 680 598 744 omilille
614 683 754 754 Melam,
780 697 813 744 et
831 682 929 744 lolam
947 680 1123 746 flexionem
1141 697 1173 746 et
1192 702 1315 748 eonver-

292 790 430 860 fionem,
456 804 555 869 quam
573 782 654 846 facit
669 785 800 854 Tmarus
817 781 983 856 obiectus,
1009 780 1164 868 adtigille.
1202 785 1318 856 Contra

290 907 370 952 vero
402 885 443 948 de
477 887 589 948 Tauro
616 887 734 948 eodem
760 885 828 948 fere
857 886 959 948 modo
985 884 1168 948 Martianus
1193 886 1313 968 Capella

290 987 347 1052 lib.
368 985 403 1064 6.Ι
424 1009 456 1071 p.
476 1005 561 1058 eoo.
579 985 681 1050 orbam
705 1002 905 1070 peragraret,
938 985 1001 1077 ulfi
1017 991 1123 1052 nraria
1138 979 1313 1078 restitissem,

289 1105 469 1176 praeeunte
492 1085 606 1154 Plinio,
621 1101 655 1167 5,
682 1105 739 1166 27.
762 1090 895 1157 mediam
919 1090 1093 1186 dssradens
1114 1086 1239 1181 Astarte,
1261 1084 1312 1180 nist

289 1190 477 1274 obprimenti
496 1205 598 1254 terras
616 1205 811 1256 occurrerent
832 1191 947 1257 maria.

290 1389 293 1416 '
367 1393 602 1475 avertitur)
661 1395 753 1456 Solet
773 1395 839 1456 hoc
863 1397 1002 1466 verbum
1030 1409 1063 1458 et
1087 1409 1225 1480 cognata
1246 1412 1312 1458 eum

289 1493 465 1582 contrariis
498 1492 792 1579 praepositionibus
818 1493 930 1579 iungi,
974 1518 1040 1582 quo
1067 1496 1191 1580 duplex
1214 1509 1312 1562 motat

290 1597 361 1662 eiua
382 1615 414 1660 et
431 1595 591 1660 terminus
608 1593 774 1666 indicatur
792 1595 946 1662 breviter.
981 1600 1144 1682 Exempla
1159 1615 1224 1660 non
1240 1613 1312 1661 rara.

287 1709 433 1772 Avertere
455 1715 565 1760 autern
588 1699 628 1761 sie
650 1697 839 1782 simpliciter
864 1699 906 1764 de
929 1696 1125 1764 fluminibus
1149 1693 1234 1782 a'pttd
1249 1692 1313 1763 Liv.

292 1819 351 1874 oe,
368 1813 400 1880 5.
416 1815 496 1864 extr.
522 1797 581 1862 ubi
599 1798 655 1862 alii
671 1802 798 1866 addunt
815 1793 926 1894 cursu.
949 1801 1041 1887 quod
1053 1817 1087 1862 et
1101 1797 1140 1862 in
1157 1815 1246 1864 textu
1263 1816 1312 1880 po·

287 1902 352 1970 fuit
373 1901 627 1972 Drakenborch,
657 1924 757 1988 quem
774 1900 862 1968 ride.
915 1903 1015 1988 Quod
1035 1900 1129 1970 addit
1148 1901 1258 1966 Noster
1275 1897 1313 1961 ad

288 2005 461 2077 meridiem,
494 2004 635 2070 declarat
663 2005 918 2088 progrelfionem
940 2005 1070 2076 curlus,
1109 1997 1310 2089 quemfecit.

286 2103 434 2176 Deducit
465 2103 556 2168 enim
586 2103 764 2190 Euphratis
791 2107 921 2170 cursum
951 2109 990 2170 ab
1023 2102 1152 2170 oriente
1178 2103 1214 2166 in
1239 2099 1311 2166 oeci·

288 2210 442 2277 dentem¹
468 2206 558 2268 unde
574 2205 676 2268 Tauri
691 2206 824 2276 obiectu
841 2205 874 2269 itt
891 2206 1065 2270 meridiem
1085 2204 1258 2280 avertitur,
1281 2198 1312 2268 itt

288 2329 354 2396 quo
371 2306 533 2372 consentit
546 2330 622 2372 cum
638 2311 799 2372 Strabone
818 2327 873 2382 11.
890 2334 923 2395 p.
939 2309 1058 2390 359.l.
1078 2324 1163 2389 521.
1187 2331 1222 2394 p.
1238 2307 1308 2384 365.

288 2413 309 2481 s.
327 2425 410 2490 527.
445 2412 486 2473 At
506 2407 635 2472 Plinius
652 2425 685 2490 5,
703 2429 760 2478 20.
777 2411 797 2474 s.
819 2423 874 2492 etp.
893 2411 1035 2484 alonte,
1059 2408 1081 2474 i.
1099 2431 1128 2474 e.
1154 2410 1311 2492 aleptem·

288 2512 397 2580 trione
418 2509 453 2574 in
474 2507 667 2584 meridiem,
701 2516 764 2574 stne
784 2515 852 2576 ullo
868 2513 956 2576 llexu
978 2510 1064 2575 inter
1084 2509 1268 2578 Armeniam
1283 2521 1311 2570 et

288 2611 537 2698 Cappadociam
559 2613 787 2676 decurrentem
815 2615 884 2706 post
908 2613 1011 2684 Tauri
1039 2611 1139 2678 etiarn
1169 2607 1310 2694 irruptio·

287 2736 364 2788 nem
380 2714 468 2797 apud
481 2711 646 2798 Regiam,
672 2718 760 2800 apud
775 2714 1022 2802 Claudiopolim
1037 2711 1263 2800 Cappadociae
1276 2709 1311 2779 ad

287 2816 438 2884 occasum
467 2813 575 2900 primo
600 2817 731 2880 cursum
759 2838 871 2901 agere,
905 2819 961 2881 led
984 2817 1127 2880 obstante
1150 2819 1260 2878 Tauro
1280 2809 1326 2884 in,

285 2915 461 2990 meridiem
485 2916 605 3001 expelli
629 2913 724 2990 dicit.
771 2919 907 3000 Dionys.
928 2943 959 2982 v.
977 2937 1060 3000 979.
1083 2919 1123 2980 ad
1145 2913 1311 2980 meridiem

286 3016 390 3084 statim
407 3016 499 3082 ducit
519 3035 553 3090 et
573 3019 643 3104 post
657 3021 742 3084 flexo
764 3022 859 3086 emin
879 3018 1096 3084 adorientem
1111 3041 1170 3103 per
1185 3019 1310 3096 Babylo·

284 3120 395 3199 niam,
421 3119 479 3184 ubi
496 3119 594 3190 etiam
609 3124 723 3186 Strabo
741 3141 796 3188 11.
816 3146 852 3208 p.
868 3135 950 3204 559.
970 3122 992 3184 i.
1009 3134 1090 3200 521.
1109 3141 1234 3183 novum
1248 3115 1310 3178 eiua

285 3224 408 3296 flexum
432 3219 569 3286 indicat.
622 3225 730 3307 Quam
757 3222 953 3308 opinionem
985 3222 1113 3286 secutus
1145 3224 1182 3285 stt
1213 3220 1312 3287 Ptole·

284 3345 408 3398 maeus,
435 3323 523 3385 haud
539 3321 654 3409 liquet,
682 3340 714 3386 et
728 3343 890 3409 quatenus
906 3323 1099 3408 investigare
1117 3323 1224 3394 datur,
1246 3338 1311 3404 pro·.

285 3425 351 3498 lixa
374 3421 597 3509 disputatione
620 3423 743 3494 studuit
768 3428 897 3494 Salmas.
920 3428 962 3489 ad
982 3425 1084 3498 Solin.
1100 3445 1126 3488 c.
1144 3439 1202 3502 37⁴.
1220 3422 1239 3486 f.
1256 3431 1308 3500 4ο.

284 3551 316 3620 p.
332 3549 376 3590 m.
392 3537 461 3606 [μμ
482 3525 527 3612 tq.
561 3528 668 3600 unde,
693 3527 810 3614 saquis
832 3529 1006 3598 desideret,
1032 3523 1101 3616 peti
1125 3547 1164 3596 ea
1180 3524 1308 3610 polluat.

284 3629 381 3694 Certe
405 3626 508 3694 flexus
537 3625 608 3691 eiua
635 3627 676 3690 ad
701 3627 895 3703 meridiem,
929 3630 1019 3714 quod
1036 3624 1168 3690 numeri
1190 3628 1307 3696 volunt,

285 3729 397 3794 differt
411 3731 450 3801 ab
469 3747 519 3804 eo,
545 3751 645 3816 quem
658 3731 746 3794 Mela
760 3729 883 3818 aliique
899 3729 1002 3799 Tauri
1019 3727 1153 3799 obiectu
1166 3727 1307 3790 statuunt

358 3953 431 4013 1⁷⁶¹·
455 3932 606 4016 Sym)
640 3935 690 4000 Ῑῐὸ
706 3949 740 3998 et
755 3931 830 4008 alii,
854 3957 886 3998 v.
902 3957 930 4000 c.
947 3936 1066 4015 Polyb.
1077 3953 1111 4014 9,
1127 3884 1187 4011 45.
1220 3927 1308 3992 Intel-

283 4025 398 4115 ligitur
417 4047 524 4100 autem
549 4033 619 4098 eius
641 4055 715 4120 para
735 4037 960 4118 Commagene,
992 4033 1088 4101 cuius
1108 4029 1306 4118 praecipuam

284 4129 587 4230 aremarensem
605 4135 815 4222 praeterfluit.
851 4135 937 4204 Plin.
952 4152 987 4218 5,
1006 4157 1062 4204 oo.
1079 4137 1101 4200 i.
1120 4145 1178 4216 24.
1195 4129 1306 4215 aliique
