2746 4894
279 429 341 498 59⁸
548 417 711 481 >torta
753 415 1057 478 axaonrtcttt

283 587 468 656 d'Abiilioie
482 595 521 658 Τ.
539 613 568 656 ι.
585 592 651 658 diii.
671 593 705 658 6.
720 613 752 676 p.
771 601 844 676 334
859 589 902 676 l'q.
938 591 1029 656 idem
1044 592 1090 655 de
1108 589 1339 656 Phoenicibus

283 709 516 759 commemorat
534 697 718 758 Herodotus
733 705 768 776 4.
784 707 845 774 42.
878 715 958 779 quor
973 693 1127 758 emiserat
1148 693 1269 756 Necua
1285 695 1340 757 Aa·

283 800 372 881 gypti
391 818 455 860 ret.
495 798 646 861 Ceterum
665 799 705 859 de
723 799 884 861 Hannone
898 811 931 860 et
948 798 1091 860 Eudoxo
1113 795 1341 858 dubitatione·

284 902 390 959 inovit
413 899 589 964 Bocbartut
604 901 637 962 in
658 899 813 962 Chanaan
835 917 865 968 t.
888 901 946 976 36.
963 897 985 962 f.
1016 897 1196 984 graviores
1219 894 1341 960 Voffiut

285 1000 322 1064 arl
341 999 372 1063 b.
393 1002 413 1062 l.
459 1000 548 1064 llliua
563 1023 680 1084 nempe
697 1002 856 1084 periplum
872 1021 1058 1085 repugnare.
1083 1001 1184 1083 quod
1201 1001 1342 1080 pertinet

283 1101 322 1160 ad
343 1106 412 1164 eiua
434 1103 650 1188 integritatem
672 1097 844 1168 lacessitam
864 1103 903 1163 ab
925 1104 1012 1176 aliia,
1041 1123 1081 1166 ex
1103 1101 1216 1164 Plinii
1239 1120 1342 1162 narra·

283 1203 373 1266 tione
401 1205 439 1266 orl
466 1207 564 1268 finem
592 1203 726 1268 Arabiae
752 1223 826 1267 eum
853 1205 987 1276 venille,
1019 1205 1112 1287 quod
1142 1213 1220 1266 non
1247 1202 1342 1266 babet

284 1303 382 1377 Mela,
410 1307 450 1370 de
466 1326 532 1390 qno
548 1305 675 1370 Salmas.
691 1307 723 1367 in
741 1309 882 1368 exercitt.
901 1307 983 1370 Plio.
999 1325 1031 1388 p.
1046 1325 1091 1369 m.
1105 1317 1204 1383 877.
1225 1303 1340 1367 deinde

284 1409 470 1492 navigium,
506 1410 600 1492 quale
617 1421 709 1474 notat
726 1407 858 1480 Strabo,
895 1421 986 1477 tanto
1009 1409 1125 1470 itineri
1147 1404 1341 1470 emetienda

284 1511 339 1571 vix
359 1530 414 1590 par
430 1508 529 1575 inille.
583 1509 643 1573 Sed
663 1510 829 1572 straboni·
849 1513 1005 1580 narratio,
1032 1528 1137 1592 qnam
1162 1507 1340 1572 Pofirlonio

283 1609 396 1681 debet.
423 1631 599 1696 repugnare
621 1611 749 1672 videtur
776 1610 914 1694 Nepoti.
955 1611 1040 1694 quorl
1061 1626 1095 1674 et
1124 1610 1256 1672 I’enzel
1274 1625 1340 1672 rno-

285 1715 374 1784 nuit‚
407 1715 464 1777 nili
484 1716 553 1796 qnia
576 1715 654 1777 velit
676 1713 844 1796 aliquoties
864 1713 988 1776 curium
1011 1716 1228 1776 maritimum
1247 1711 1339 1774 ttlun

285 1813 387 1876 serilla
412 1829 505 1898 atque
523 1818 555 1877 io
580 1835 664 1888 uno,
692 1829 728 1876 ut
750 1813 862 1878 diserte
880 1816 1032 1887 traditur,
1062 1835 1104 1878 ex
1123 1815 1228 1876 ludia
1247 1811 1337 1875 redu·

285 1935 352 1980 cem
376 1920 481 1980 ventio
505 1917 595 2000 lupra
613 1917 817 1998 Aethiopiam
839 1915 928 1980 iuiffe
952 1918 1095 1980 delatum
1120 1929 1159 1978 et
1186 1915 1227 1976 ste
1249 1911 1336 1975 curin

285 2015 392 2082 versut
413 2019 611 2082 occidentem
634 2032 761 2100 peracto
777 2019 810 2080 in
828 2021 1009 2102 Aegyptum
1031 2017 1233 2102 pervenisse.
1285 2015 1336 2078 sio

286 2121 455 2184 Cornelius
477 2121 564 2182 illam
587 2123 806 2184 narrationem
828 2123 995 2184 contraxit.
1053 2123 1093 2182 ln
1120 2121 1223 2182 ludia
1246 2113 1333 2178 fultra

284 2221 459 2286 Eudoxum
482 2243 522 2286 ex
544 2224 650 2286 Plinio
673 2226 770 2287 etiam
791 2238 823 2296 7·
850 2239 883 2290 Ω.
910 2225 1058 2304 adparet,
1091 2221 1186 2303 quod
1211 2219 1252 2280 ad
1275 2217 1331 2300 pri·

285 2345 375 2384 mutn
401 2327 434 2385 in
456 2326 612 2388 Strabone
636 2329 696 2386 iter
718 2321 868 2405 pertinet.
911 2324 1014 2385 liliam
1031 2325 1071 2386 de
1087 2323 1186 2384 simili
1204 2321 1331 2403 naviga·

284 2427 374 2487 tione
398 2431 615 2489 narrationem
640 2425 738 2487 habea
767 2426 850 2508 apud
874 2425 1021 2487 Strabon.
1040 2443 1073 2488 2.
1091 2446 1123 2507 p.
1146 2427 1211 2500 67.
1234 2421 1328 2499 [93.

284 2527 385 2589 Porro
405 2526 581 2594 Martianua
603 2527 731 2610 Capella
751 2545 778 2589 o.
799 2527 822 2588 l.
845 2527 934 2592 addit
956 2525 1109 2610 superiori
1126 2527 1172 2589 rle
1191 2524 1329 2586 Eudoxo

285 2629 482 2692 narrationi:
520 2629 642 2691 Coelius
659 2629 834 2707 Antipater
845 2619 884 2720 se
902 2630 1057 2689 hominem
1078 2619 1200 2718 vidiffe
1220 2645 1279 2686 corr
1303 2641 1329 2682 r·

286 2743 371 2798 mat,
397 2731 452 2811 qui
466 2730 692 2811 negotiationis
707 2727 820 2790 ardore
835 2731 867 2791 in
884 2731 1086 2809 Aethiopiam
1102 2751 1143 2790 ex
1160 2718 1328 2820 Hifirauia

285 2823 476 2922 nauigaffet.
526 2832 713 2900 Recentiori
736 2843 838 2896 aetate
867 2841 973 2916 1497.
998 2832 1166 2894 Lufitanoe
1189 2825 1326 2892 Africam

286 2933 566 3018 circumnavigalle
587 2931 716 3004 conilat,
748 2951 787 2996 ex
803 2951 867 3017 quo
884 2945 1029 3016 tentpore
1050 2935 1112 2998 iter
1134 2931 1219 2996 illud
1237 2931 1326 2990 inno·

285 3035 348 3099 tuit
371 3049 403 3097 et
425 3033 654 3119 frequentatur.

363 3237 394 3298 L
407 3259 427 3298 a
444 3239 528 3300 tirn
544 3259 592 3299 ra
608 3237 665 3320 m)
713 3237 904 3320 Cleopatrae
930 3238 1034 3302 lilium
1062 3234 1168 3310 lutire.
1203 3233 1321 3298 indicat

232 3399 240 3406 ,
287 3338 401 3402 Strabo
418 3343 451 3400 in
469 3341 651 3402 narratione
673 3340 713 3401 tle
731 3339 887 3411 Eudoxo
923 3359 998 3401 eum
1024 3331 1320 3402 Ptolomaenmad·

286 3441 380 3523 pellat
404 3441 510 3502 lullin.
531 3455 588 3520 39.
611 3451 646 3520 4.
699 3441 863 3526 lntegrunr
885 3460 1008 3503 nomeu
1031 3441 1237 3504 Ptolemaeut
1257 3423 1318 3498 Att‘·

288 3543 403 3627 θουρος
423 3543 529 3611 habet.
552 3543 665 3604 Strabo
688 3558 743 3617 17.
764 3563 795 3624 p.
816 3540 1029 3622 547.l.795.
1054 3542 1110 3603 nbi
1128 3535 1216 3612 rlicit.
1238 3553 1319 3622 prae·

286 3645 378 3704 terita
401 3645 531 3724 quidem
551 3643 737 3726 Cleopatra,
760 3644 949 3707 Ptolemaeo
968 3641 1126 3720 Physconi
1144 3633 1315 3706 [unatrita

283 3744 407 3829 Plinius
427 3761 458 3812 o.
485 3747 543 3818 67.
572 3744 591 3806 i.
622 3747 680 3810 66.
707 3745 906 3830 simpliciter.
941 3760 978 3807 ut
1004 3745 1107 3818 Mela,
1142 3745 1314 3810 Larinum

283 3859 388 3910 vocat.
434 3847 655 3910 Ptolemaeum
681 3849 858 3930 praemittit
879 3847 912 3917 6,
938 3859 996 3926 55.
1022 3846 1042 3910 l.
1068 3861 1126 3926 50.
1160 3861 1198 3910 ut
1218 3841 1311 3909 sollu·

285 3963 355 4028 cap.
368 3961 427 4027 50.
455 3947 578 4031 loleph.
596 3951 716 4030 antiqu.
734 3949 804 4013 lud.
827 3961 880 4028 13,
903 3963 956 4030 13,
970 3959 1006 4028 4.
1042 3949 1092 4012 Do
1107 3950 1196 4012 voela
1209 3955 1312 4025 otymii

284 4059 317 4112 ot
339 4046 427 4114 lenia
450 4051 592 4138 disputat
617 4049 788 4118 saluatur
810 4053 844 4116 in
865 4053 994 4116 exercit.
1026 4051 1111 4116 Plio.
1125 4071 1157 4138 p.
1176 4070 1220 4115 m.
1234 4053 1329 4124 877·‘
