2746 4894
295 441 360 508 53}
563 427 730 490 horta
768 420 1070 492 E'xEGEthlz

297 624 336 668 eo
358 605 468 689 plures
490 599 699 677 derivantur,
730 620 769 666 ut
784 621 817 667 et
831 601 872 666 de
891 602 1129 669 coniunctione
1141 625 1214 669 curn
1229 603 1315 694 Tigri

296 708 389 790 supra
413 704 537 768 dictum
562 707 614 774 est.
667 703 771 769 Altior
792 705 881 769 eninr
901 724 969 770 erat
986 707 1090 792 Tigri.
1117 706 1256 791 (Arrian.
1275 711 1314 772 de

296 808 411 892 exped.
429 809 518 870 Alex.
537 823 570 882 7,
593 825 625 884 7.
652 805 717 869 Dio
732 811 790 884 63,
812 807 890 896 28.)
937 811 1050 874 Factus
1071 827 1179 872 autem
1201 831 1251 872 eos
1270 833 1311 874 ca·

295 913 388 973 nalet
403 906 480 971 ideo
502 907 585 972 dicit
601 911 715 974 Strabo
736 911 789 973 16.
806 931 879 994 pag.
896 925 980 992 5⁰9·
1003 912 1124 992 h740.
1152 933 1193 973 ne
1214 910 1312 974 solutis

295 1009 430 1074 nivibus
453 1027 567 1075 auctus
590 1031 721 1094 campos
742 1008 938 1084 inundaret,
970 1032 1152 1098 eorumque
1171 1033 1312 1074 numerus

294 1114 396 1176 modo
418 1129 551 1185 auctus,
577 1113 679 1174 modo
695 1109 843 1174 minutus
860 1113 912 1177 est.
964 1115 1015 1175 De
1033 1113 1110 1176 eius·
1124 1123 1228 1177 autem
1242 1111 1310 1174 divi·

296 1219 383 1278 llone
404 1209 531 1277 Plinius
549 1225 583 1292 5,
603 1233 658 1276 ar.
680 1213 702 1277 l.
723 1227 778 1291 25.
800 1215 897 1276 haec:
934 1215 1097 1278 Scinditur
1112 1217 1313 1296 Euphratae

295 1319 470 1398 Zeugmate
493 1327 538 1394 83
562 1317 613 1379 M.
638 1315 675 1380 P.
704 1317 788 1377 circo
811 1317 915 1376 alerem
942 1311 1115 1408 Mofficen,
1136 1316 1311 1400 (Mesopota-

294 1416 398 1498 miae)
425 1431 456 1479 et
477 1431 570 1500 porte
583 1417 676 1478 laeva
695 1419 729 1478 t'n
745 1408 1013 1508 Mesopotamiam
1034 1419 1130 1481 vadit
1153 1410 1312 1508 peripsam

296 1521 481 1593 Selettct'om,
519 1521 604 1582 eirca
624 1539 691 1579 eum
718 1513 906 1609 praefluenti
923 1510 1051 1612 infusus
1078 1521 1175 1602 Tigri.
1200 1515 1267 1606 (Cf.
1283 1519 1314 1590 6,,

297 1622 388 1706 50.s.
408 1619 465 1685 26.
492 1621 606 1683 Strabo
627 1642 681 1683 ιι.
698 1641 729 1702 p.
748 1619 979 1704 359.l.5at.)
1020 1620 1312 1684 Dexterioreaatent

294 1727 385 1786 alveo
400 1723 592 1806 Babylonem
614 1723 705 1801 petit,
732 1723 926 1805 mediamque
941 1743 1114 1804 permeans,
1141 1721 1312 1816 ayt-ratum

293 1827 327 1888 t'u
353 1825 495 1905 paludes.
551 1824 645 1884 ltlent
675 1825 772 1906 paulo
802 1815 937 1886 mu‘tatis
961 1821 1070 1886 verbis
1100 1821 1182 1885 inde
1209 1819 1313 1905 repetit

292 1924 445 1990 Martian.
463 1927 596 2010 Capella
613 1928 644 1988 6.
660 1947 692 2008 p.
709 1945 752 1985 tn.
766 1943 847 1988 seo.
888 1927 934 1987 lta
953 1923 1052 1987 etiam
1070 1926 1139 1987 duo
1154 1920 1312 2008 Euphratis

291 2026 424 2093 brachia
449 2025 529 2091 facit
550 2029 689 2090 Ptolem.
706 2039 739 2104 5,
768 2035 821 2101 18.
852 2047 995 2111 quorum
1014 2047 1120 2088 unum
1143 2023 1313 2112 porrigatur

293 2131 334 2194 ad
349 2126 576 2210 Babyloniam,
601 2129 740 2190 alterum
755 2127 796 2188 ad
810 2126 1007 2205 Seleuciam,
1029 2126 1118 2190 inter
1134 2148 1216 2213 quae
1232 2122 1313 2210 ponit

292 2228 569 2314 homanagium,
596 2229 637 2290 tle
653 2249 718 2313 qua
735 2229 837 2312 supra.
876 2231 922 2290 lta
939 2251 1018 2291 vero
1034 2228 1233 2316 tripartitum
1248 2223 1313 2289 lacit

292 2335 496 2416 Euphraten,
519 2346 558 2393 ut
569 2328 732 2394 Ammian.
750 2345 804 2408 23,
823 2332 855 2393 6.
871 2353 902 2413 p.
912 2353 955 2393 m.
968 2343 1049 2412 287.
1081 2334 1233 2394 Attamen
1247 2332 1311 2392 Pro

293 2431 411 2518 copias
435 2435 476 2496 ‹le
499 2435 535 2495 B.
556 2431 639 2494 l’erl.
665 2456 693 2504 1,
721 2448 774 2506 17.
808 2429 908 2493 totius
934 2431 1111 2516 Euphratis
1138 2432 1314 2496 confluxum

292 2533 430 2600 emrtino
453 2555 529 2598 cunr
544 2529 657 2616 Tigri,
691 2530 785 2595 cuius
802 2533 904 2595 soluta
923 2534 1030 2617 postea
1045 2553 1169 2596 nomen
1184 2546 1311 2602 maneat,

293 2635 448 2722 agnoscit,
474 2636 562 2698 Mela
577 2631 701 2695 silentio
720 2631 901 2718 praeteriit,
927 2635 1017 2719 quod
1035 2635 1119 2696 torte
1134 2637 1313 2718 Euphraten

291 2741 397 2800 lolam
421 2753 454 2799 et
482 2755 598 2798 verum
626 2731 732 2818 ipsum
758 2735 932 2820 spectaret,
966 2733 1069 2820 igitur
1094 2752 1220 2820 partem
1251 2733 1312 2795 eius

292 2843 444 2910 alteram,
479 2859 563 2922 quae
589 2837 794 2917 Babylonem
813 2833 963 2911 influxit,
1004 2853 1037 2900 et
1061 2835 1141 2900 iude
1167 2835 1312 2922 proceffit

291 2945 334 3006 At
348 2956 474 3024 praeter
488 2942 598 3023 plures
615 2935 686 2999 eius
704 2937 863 3002 lcilsrones
877 2937 1055 3022 Euphratis
1072 2961 1148 3002 cum
1166 2960 1214 3012 ea,
1241 2955 1313 3022 quae

292 3041 331 3105 lit
345 3042 436 3124 supra
453 3037 687 3122 Babyloniam,
714 3036 912 3103 recentiores
933 3038 1032 3102 etiarn
1054 3051 1315 3103 commemorant.

292 3142 364 3206 Vid.
380 3139 547 3225 Biilehing
567 3143 636 3202 Vol.
653 3155 684 3220 5.
703 3144 743 3204 T.
766 3164 793 3204 t.
818 3163 849 3225 p.
864 3162 906 3204 nt.
930 3158 996 3223 197
1016 3142 1061 3226 lq.
1112 3145 1139 3203 A
1158 3141 1313 3220 Babylone

293 3242 412 3309 auertit
427 3241 518 3315 olim,
544 3243 645 3326 egesta
661 3242 749 3318 folla,
775 3242 891 3321 Cyrus,
918 3257 956 3303 ut
968 3264 1027 3325 per
1042 3245 1173 3304 alveum
1190 3242 1313 3303 exhcca·

291 3363 365 3412 tum
386 3347 503 3407 urbeur
519 3341 675 3404 invadere
694 3341 793 3406 eitius
810 3343 928 3426 pollet,
954 3341 1004 3408 uti
1022 3359 1155 3405 narrant
1168 3341 1313 3405 Herodot

297 3473 328 3521 a,
357 3467 435 3529 ¹9¹·
470 3447 653 3529 Xenophon
677 3446 796 3528 Cyrop.
819 3460 853 3526 7,
877 3457 986 3523 5,15.
1016 3445 1170 3525 Polyaen.
1190 3461 1223 3527 7,
1239 3445 1270 3514 6.
1285 3453 1312 3518 5.

293 3552 476 3618 brahuse,
498 3548 531 3610 6.
563 3545 653 3630 quod
673 3545 750 3607 fallo
772 3547 860 3610 Alex.
882 3545 929 3606 M.
955 3542 1073 3608 tribuit
1092 3537 1272 3608 Frontinus
1284 3557 1313 3622 3,

294 3667 329 3732 7,
351 3661 386 3730 4.
425 3643 652 3730 Adtingendus
667 3643 725 3708 hic
738 3645 831 3708 restat
845 3646 1049 3728 Pellaoopos,
1063 3639 1313 3733 (Παλλακόπας)

291 3754 334 3814 tle
357 3771 423 3837 quo
446 3747 555 3842 gravis
574 3746 624 3809 his
646 3763 756 3809 exorta
776 3745 819 3808 est
839 3744 1084 3811 intervortam
1103 3762 1136 3810 et
1158 3751 1182 3811 Ι.
1200 3749 1314 3811 Grono-

289 3850 403 3924 vium,
435 3871 533 3936 quam
555 3846 611 3910 hic
632 3845 792 3932 prolixius
814 3846 992 3932 exagitavit
1008 3847 1047 3916 itt
1065 3846 1215 3932 singulari
1236 3866 1312 3910 exer·

294 3950 452 4017 citatione
486 3951 526 4011 tle
559 3950 636 4012 folla
665 3971 705 4012 ex
728 3951 912 4034 Euphrate,
956 3973 1055 4035 quam
1081 3947 1221 4013 editioni
1250 3949 1312 4010 ture

295 4050 423 4119 Arriani
441 4053 481 4113 de
501 4052 616 4134 expell.
632 4053 721 4114 Alex.
738 4051 785 4113 M.
802 4071 834 4134 p.
853 4051 919 4128 361
940 4052 1005 4137 qu.
1026 4049 1166 4125 adiecit,
1199 4044 1312 4112 insertis

297 4155 389 4219 aaut
404 4150 546 4216 aliorum
561 4153 603 4217 de
620 4171 659 4216 ea
675 4148 898 4240 opbtioaibus.
920 4147 1168 4233 IIaAAaaa‘rra5
1183 4149 1314 4216 scribut
