2748 4888
20 455 22 468 .
141 419 354 480 narona.
383 419 491 476 unu.
533 417 643 476 am.
686 417 793 480 ont.
835 415 914 490 ag.
1003 429 1047 498 9⁵

50 601 199 679 irinopae
214 592 279 656 tab.
295 603 332 674 4.
357 594 390 654 in
399 593 513 656 Tacito
521 593 605 656 Anu.
615 609 650 666 a,
664 604 698 671 8.
715 613 754 654 ex
770 590 924 654 sententia
937 590 1046 655 doato·

50 698 259 766 nerinorum,
290 691 415 784 Amifia
437 695 471 756 h.
486 693 630 768 Emden,
661 707 697 755 ut
715 707 805 777 putat
829 695 958 759 Cluver.
977 713 1003 758 u.
1020 695 1044 756 1.

48 799 171 868 ltllenio
186 800 298 882 Alting
317 799 350 858 in
367 797 562 878 expolitione
581 796 705 860 tabulae
717 797 895 858 Ptolemaei
911 793 951 859 <la
969 795 1046 859 Ger·

20 895 21 898 '
44 907 113 966 naria
129 901 238 985 llllagna
257 920 327 980 cap.
342 911 376 978 4,
392 899 426 961 6.
446 899 517 960 loco
536 891 601 976 512
627 891 693 976 30⁰
715 899 750 958 in
770 898 956 960 Ptolemaeo
979 917 1045 962 cor·

30 1008 153 1089 ⁴n'git5u.
170 1021 202 1064 o.
227 1015 261 1064 et
284 1001 400 1063 urbem
426 1002 464 1062 ad
489 999 603 1062 Amasti
629 997 734 1064 fontes
757 1001 867 1081 ponit,
902 999 984 1079 quali
1009 999 1046 1061 lit

41 1095 268 1194 linis-spring,
304 1103 392 1163 uncle
416 1101 618 1166 Ptolemaeus
641 1120 762 1162 nomen
780 1101 902 1162 Amabo
924 1098 1045 1174 fecerit,

40 1207 127 1287 dequo
139 1205 292 1294 prolixiu·
309 1201 430 1264 tlialarit
445 1205 480 1263 in
495 1217 563 1266 not.
575 1202 684 1268 Germ.
702 1200 793 1266 infer.
809 1201 845 1264 Ρ.
863 1223 892 1266 ι.
906 1223 937 1286 p.
949 1213 972 1285 4
983 1201 1045 1286 sqq.

39 1295 74 1370 aui
85 1306 244 1368 adsentitur
263 1308 397 1386 Spener.
416 1305 448 1365 in
463 1318 532 1368 uot.
550 1304 659 1368 Germ.
678 1317 742 1366 ant.
759 1316 794 1383 4,
808 1312 843 1381 4,
861 1317 894 1382 8.
910 1325 942 1385 p.
959 1319 1044 1385 509.

38 1409 65 1472 ie
80 1423 110 1469 ut
128 1421 229 1490 putet,
265 1408 347 1467 olim
370 1403 494 1468 lortaffe
513 1405 552 1467 ad
575 1403 681 1468 lontee
706 1404 796 1466 fluvii
819 1402 909 1468 suilla
932 1407 1046 1468 villam

38 1507 130 1572 Enis-
136 1500 251 1600 spring
271 1509 403 1570 dietam.
448 1507 575 1589 Nempe
591 1527 630 1568 ex
644 1507 747 1568 Taciti
762 1507 938 1570 narratione
954 1508 1046 1570 intel·

36 1611 115 1694 ligitur
127 1613 166 1672 aia
181 1611 339 1671 emitum
357 1607 377 1670 l.
394 1609 482 1670 laeva
499 1611 566 1692 ripa
587 1605 675 1670 inille
694 1609 792 1670 irtam.
844 1607 914 1670 Nec
936 1625 1046 1673 tamen

38 1714 132 1782 ribam,
160 1710 208 1774 led
230 1711 344 1774 locum
365 1709 523 1772 celebrem
547 1729 585 1772 ex
608 1711 739 1770 Emmio
762 1709 919 1790 praedicat
936 1710 1047 1795 Alting
1118 1726 1123 1736 ·

40 1815 84 1876 el.
103 1815 149 1894 qui
172 1815 269 1874 etiam
291 1813 327 1874 P.
348 1832 377 1874 ι.
398 1831 431 1893 p.
455 1825 535 1888 ²⁰7·
559 1811 598 1873 de
620 1811 699 1872 ollio
724 1810 867 1873 fluminio
888 1809 1044 1894 exposuit.

38 1913 114 1996 lplum
129 1914 239 1976 Noster
254 1933 332 1976 cum
348 1913 461 1977 Tacito
476 1914 559 1975 male
574 1913 608 1974 in
624 1911 790 1975 Oceanum
804 1912 922 1976 educit.

90 2107 303 2207 Visurgis)
353 2117 403 2178 De
425 2115 573 2198 scriptura
590 2117 706 2178 variata
724 2129 839 2180 annot.
856 2116 924 2180 crit.
941 2136 971 2198 p.
984 2127 1046 2198 98.
1175 2129 1178 2136 “

20 2217 22 2224 ’
41 2215 126 2278 Contra
141 2209 305 2308 Visurgim
328 2217 410 2300 apud
428 2221 574 2280 Tacitum
592 2219 704 2282 bonai.
725 2239 752 2288 1,
770 2233 828 2290 70.
845 2216 867 2282 l.
890 2239 929 2282 ex
946 2238 1048 2281 narra·

41 2319 109 2380 tionis
127 2317 198 2380 lerie
218 2333 308 2380 recte
324 2335 509 2401 corruptum
524 2317 669 2389 censent,
692 2320 746 2380 ubi
767 2319 803 2382 V
802 2319 903 2380 idrum
921 2319 1068 2408 Llpsruek

41 2417 206 2482 substituebat
221 2441 261 2482 ex
272 2419 457 2484 Ptolemaeo
472 2440 499 2484 o.
514 2421 535 2484 l.
558 2441 654 2502 quem
665 2419 780 2483 refutat
792 2420 910 2504 along.
926 2423 960 2482 in
977 2433 1047 2486 not.

41 2517 118 2582 Germ.
136 2519 225 2584 infer.
247 2523 288 2584 P.
311 2542 339 2583 ι.
354 2541 427 2605 pag.
448 2536 528 2600 130.
564 2521 621 2582 ubi
642 2523 736 2585 doale
761 2537 868 2585 tuetur
888 2518 1047 2615 Unstrrgin

40 2613 182 2713 bllunse,
209 2636 244 2686 et
265 2623 426 2705 propofita
446 2625 608 2686 literarum
626 2620 726 2686 forma
749 2625 963 2706 corruptionis
979 2641 1048 2686 mo·

41 2720 93 2782 lum
107 2724 247 2806 explicat.
275 2727 408 2787 Secutue
424 2744 502 2786 eum
517 2724 560 2788 eli
572 2724 762 2796 Brotieriue,
778 2727 833 2807 qui
849 2744 919 2787 eant
936 2725 1047 2788 lectio·

41 2841 92 2884 rem
110 2838 211 2886 tuetur
227 2825 301 2888 Vol.
324 2847 352 2887 ι.
370 2845 402 2906 p.
420 2839 503 2905 858.
554 2825 739 2890 Polleriorie
760 2827 831 2888 aevi
847 2828 979 2889 uomina
999 2845 1049 2890 re·

41 2921 135 2987 uolent
150 2925 282 2989 Cluver.
300 2945 331 3007 p.
344 2941 363 2999 7
375 2946 385 2988 r
396 2939 426 3004 5.
438 2929 498 2989 ol.
523 2939 554 2989 et
569 2927 701 3008 Spener.
715 2942 746 2996 a.
762 2941 794 2998 a,
810 2945 843 3006 9.
861 2947 892 3010 p.
904 2938 963 3008 74.
981 2948 1008 2993 c.
1022 2927 1045 2992 l.

42 3023 108 3106 Quod
123 3041 225 3090 tamen
245 3027 387 3090 Orteliua
404 3030 435 3088 in
454 3027 531 3090 thel.
549 3028 666 3113 Geogr.
683 3027 716 3090 h.
733 3049 765 3090 v.
783 3047 822 3090 ex
837 3028 934 3092 Hadr.
952 3031 1047 3092 lunio

41 3127 206 3192 etTurnebo
223 3131 357 3211 repetit.
385 3148 401 3190 a
418 3129 553 3191 Sidonio
570 3131 671 3210 Apoll.
690 3149 784 3192 carm.
801 3143 860 3208 23,
879 3139 963 3210 243.
984 3129 1048 3190 dici

42 3217 171 3316 Veserim,
196 3229 315 3294 refutat
336 3230 380 3289 ibi
402 3251 431 3312 p.
454 3243 532 3309 ι89.
557 3233 689 3302 Savaro,
723 3251 797 3292 oum
817 3249 931 3294 omnee
951 3229 1046 3292 codd.

40 3331 204 3414 evulgatae
226 3333 300 3394 edd.
316 3331 487 3392 exhibeant
505 3322 667 3423 Visurgin.
701 3335 829 3392 Amnem
845 3333 940 3394 Rom.
960 3327 1050 3392 clude

40 3426 142 3491 notum
163 3447 258 3495 vocat
275 3435 385 3496 Vellei.
407 3448 439 3501 a.
462 3445 542 3509 105.
584 3433 625 3495 H.
650 3423 773 3524 Wefir.
828 3433 926 3514 Quod
945 3431 1049 3494 Ptole·

41 3544 122 3594 uaeue
136 3553 172 3595 ex
187 3534 353 3596 Meliboco
370 3547 493 3606 monte,
517 3535 556 3594 de
571 3553 635 3616 quo
651 3532 750 3617 lupra,
774 3529 934 3618 originem
949 3533 1047 3607 ducit,

42 3646 103 3694 tanc
120 3633 206 3697 iacile
229 3636 330 3719 potell
351 3635 492 3700 iudicari.

93 3836 227 3919 Albis)
277 3839 329 3900 Sic
343 3850 375 3900 et
391 3838 502 3900 Graeci
517 3851 634 3901 vocant
650 3849 771 3921 praeter
781 3837 921 3902 Dionem
940 3845 998 3917 55,
1018 3858 1047 3902 r.

43 3929 136 4016 inquo
157 3929 445 4024 legitur'bllssroe.
488 3943 574 4020 quod
608 3937 726 4001 librarii
759 3940 878 4001 vitium
909 3941 1048 4004 videtur.

43 4029 107 4096 idem
130 4053 232 4101 tamen
254 4055 313 4117 7⁴7,
342 4051 395 4118 ¹4·
419 4033 553 4116 Ἄλβας,
589 4033 651 4116 ιδος
680 4038 792 4103 adfert.
856 4041 1049 4105 Posterioree

45 4131 160 4202 laeum
177 4142 273 4205 etiam
290 4138 391 4213 Atta,
426 4157 462 4204 ut
485 4140 636 4224 Vopiscus
660 4143 694 4202 iu
720 4141 826 4208 Probo
844 4163 910 4226 cap.
934 4156 990 4219 13.
1015 4155 1049 4204 et
