2650 4896
305 401 367 466 m
576 383 737 444 norro
773 382 1070 444 exactorem

308 555 622 628 west-Geschichte
643 559 684 622 T.
707 573 761 636 ι3.
786 581 819 644 p.
841 571 885 638 ¹4
899 559 964 644 sqq.
990 561 1124 638 Murray
1138 581 1165 626 c.
1185 561 1205 624 l.
1225 582 1253 644 p.
1267 573 1309 642 59.

309 664 428 728 wedel
450 661 672 744 Abhandsung
691 662 773 722 iiber
796 658 851 720 die
873 662 972 722 {ltere
988 659 1252 724 Scandinatische
1266 665 1310 726 Ge·

311 763 456 830 schichte
473 781 547 848 pag.
565 777 610 840 32
629 763 671 845 sq.
699 761 873 823 Schlozers
889 765 1016 845 allgem.
1031 761 1207 824 Nordische
1221 764 1310 828 Gesdt

309 887 382 954 pag.
403 877 456 944 ¹4·
478 865 532 928 26.
584 867 691 948 Atque
712 863 798 924 hanc
815 863 876 923 esse
895 861 1048 947 Procopii
1064 865 1195 925 Thulen
1214 861 1312 926 iudicet

309 969 493 1034 Bochrrtur
515 967 588 1028 cs.
639 965 749 1047 Quam
781 962 974 1028 sententiam
1010 963 1128 1027 acriter
1153 981 1186 1027 et
1212 963 1313 1048 prolixe

311 1064 520 1152 impugnavit
540 1063 716 1129 Cluverius
737 1063 773 1126 in
793 1067 903 1128 Germ.
927 1081 992 1128 ant.
1011 1081 1043 1143 3,
1061 1083 1119 1145 39.
1142 1089 1173 1149 p.
1190 1067 1252 1142 656
1264 1065 1311 1150 sqq.

311 1171 382 1256 ipse
397 1183 492 1253 putat
511 1167 573 1228 esse
593 1167 625 1228 h.
643 1165 839 1238 islandiam.
863 1164 914 1227 uti
931 1165 987 1229 alii
1004 1166 1119 1238 multi,
1144 1166 1241 1228 vetuti
1254 1169 1314 1228 Har·

312 1269 434 1334 duinue
450 1268 492 1330 ad
505 1265 590 1330 Ptin.
606 1277 642 1344 4,
660 1283 718 1344 3ο.
736 1267 757 1330 s.
773 1269 827 1332 16.
851 1269 1062 1352 Dalechamp.
1079 1269 1122 1329 ad
1137 1265 1216 1332 Plin.
1229 1287 1255 1339 e,
1271 1283 1313 1349 77.

312 1373 334 1436 s.
350 1374 408 1449 65.
433 1366 663 1452 Bongeinvilse
678 1390 706 1430 c.
721 1371 743 1430 l.
766 1391 798 1452 p.
819 1382 898 1446 152.
925 1369 993 1432 Hiss
1007 1371 1048 1432 od
1060 1368 1195 1449 Dionys.
1212 1391 1239 1431 r.
1252 1380 1314 1444 581.

310 1473 435 1538 Penzel
457 1470 497 1532 ad
521 1471 714 1534 Strabonem
731 1472 800 1532 v0t
822 1494 850 1536 r.
867 1491 899 1554 p.
918 1487 1000 1550 323.
1031 1472 1200 1533 Pomanus
1216 1467 1245 1530 in
1258 1471 1314 1532 cho·

312 1593 398 1658 rogr.
413 1569 540 1634 Daniae
555 1571 655 1633 dcscr.
670 1591 743 1654 pag.
756 1581 813 1648 74,
847 1571 971 1634 Isaacus
988 1571 1101 1642 Thilo,
1124 1573 1273 1640 Boruss'us,
1289 1567 1315 1630 io

313 1671 464 1758 singulari
478 1671 595 1734 dissert.
610 1670 695 1755 Lips.
711 1691 738 1733 a.
757 1673 861 1737 1660.
878 1671 992 1745 etalii,
1017 1671 1140 1758 quibus
1157 1691 1253 1754 nuper
1265 1691 1314 1753 gn·

312 1774 411 1838 vibus
433 1775 534 1838 caum
557 1787 667 1834 motus
688 1772 814 1835 accessit
835 1773 988 1836 Mannert
1008 1771 1042 1836 in
1067 1771 1265 1856 Geogrrphie
1279 1805 1316 1818 -

313 1879 354 1940 T.
375 1900 404 1939 t.
422 1897 454 1958 p.
473 1885 520 1956 78
538 1873 603 1958 sqq.
643 1871 801 1946 Omnium
825 1895 908 1958 quae
924 1895 942 1937 a
958 1873 1056 1937 variis
1070 1875 1182 1936 variae
1199 1875 1315 1958 prosrne

313 1979 388 2040 sunt
408 1973 601 2059 opiniones,
627 1993 755 2059 praeter
776 1974 956 2059 superiores
978 1975 1069 2040 debit
1093 1975 1192 2038 etiam
1208 1969 1314 2038 ¹Schwe

313 2077 425 2140 dische
438 2073 524 2138 Bibl.
542 2077 577 2137 Ρ.
600 2098 628 2138 ι.
644 2077 673 2157 fi.
694 2095 747 2138 19..
763 2098 795 2159 p.
816 2094 986 2158 22-29.
1025 2075 1093 2162 Qui
1112 2078 1247 2157 Pytheae
1262 2095 1313 2136 mr·

311 2174 473 2241 rationem
490 2191 523 2236 et
542 2171 665 2238 indicia
687 2173 835 2261 respicit,
867 2175 953 2240 inter
974 2177 1150 2242 solandiam
1165 2178 1315 2240 etNorwe·

312 2277 398 2363 giam
425 2273 574 2339 fluctuari
600 2277 711 2360 potest.
772 2281 917 2363 Utraque
947 2279 1053 2352 enim,
1089 2283 1110 2341 sr
1138 2272 1314 2342 aBritronir

310 2375 576 2463 septemtrionem
592 2381 645 2440 vel
669 2379 831 2451 occasum,
857 2383 911 2441 vel
935 2379 1096 2443 orientem
1118 2381 1223 2442 versuo
1238 2393 1314 2461 pens,

313 2479 335 2546 6
357 2477 486 2541 dierum
507 2476 719 2563 navigatione
735 2479 818 2542 sacta
833 2479 951 2544 oditur.
995 2485 1097 2544 Porro
1118 2483 1159 2542 ad
1173 2497 1314 2562 utramque

311 2577 478 2650 convenit,
501 2579 590 2664 quod
607 2580 705 2642 refert
717 2579 804 2664 opud
821 2583 969 2645 Strabon.
989 2603 1018 2646 e.
1036 2605 1068 2666 p.
1085 2599 1144 2660 71.
1155 2581 1176 2643 s.
1190 2593 1258 2659 ¹⁰4·
1273 2580 1314 2656 Py·

311 2683 420 2751 theos,
454 2677 540 2743 circa
562 2682 694 2742 Thulen
715 2701 823 2766 neque
846 2699 965 2744 terram
993 2685 1071 2759 effe,
1113 2704 1220 2768 neque
1240 2699 1313 2748 nure,

311 2801 420 2866 neque
442 2801 534 2852 aera,
562 2781 614 2843 sed
639 2779 764 2866 aliquid
788 2781 884 2844 exiis
901 2801 1089 2848 concretum
1105 2779 1258 2872 πλεύμονι
1274 2781 1315 2842 θα·

312 2879 441 2964 >arripi
458 2879 575 2954 simile,
603 2880 638 2942 in
655 2903 720 2966 quo
736 2897 820 2944 terra
837 2899 870 2946 et
884 2885 1023 2947 marein
1044 2881 1174 2947 sublimi
1191 2883 1315 2968 pendeat,

313 2998 347 3044 et
375 2997 544 3066 tamquam
570 2980 704 3047 vinculo
732 2981 843 3070 aliquo
874 3003 1096 3050 connectatur.
1156 2987 1219 3048 Etfi
1249 2981 1315 3044 enin

313 3081 405 3145 issam
429 3101 546 3146 vocem
570 3081 662 3146 varie
683 3083 888 3168 intelligunt,
924 3087 964 3149 de
987 3085 1118 3151 nebulis
1143 3081 1316 3171 glacialibus.

313 3205 396 3269 uque
413 3182 448 3244 in
464 3181 598 3268 pollinis
617 3185 754 3247 modum
770 3189 947 3270 congelata,
971 3185 1059 3252 aerio
1076 3188 1180 3258 fumo,
1205 3181 1317 3267 aliisque

314 3282 447 3368 srigorie
473 3283 616 3356 effectis,
650 3289 702 3347 vel
723 3285 821 3348 etiam
841 3287 881 3348 de
904 3291 1069 3373 zoophyto
1089 3285 1254 3373 spongioso
1267 3285 1317 3346 Me·

315 3385 411 3457 dosa,
437 3383 551 3448 nostrie
573 3387 848 3470 Meet-Langen,
875 3388 916 3451 de
937 3387 1056 3474 quibus
1071 3387 1138 3454 vid.
1156 3382 1317 3464 Schoeniog

315 3501 348 3549 et
362 3484 479 3548 Wedel
495 3507 541 3548 cc.
558 3489 591 3548 ΙΙ.
614 3480 682 3548 noir
702 3485 808 3550 aliena
824 3506 934 3552 tamen
950 3489 1023 3552 sunt
1037 3493 1077 3551 ab
1091 3508 1227 3575 utraque
1244 3503 1314 3548 tenu

314 3589 407 3649 Idem
421 3588 508 3648 volet
524 3587 564 3647 de
576 3586 656 3648 meri
668 3585 802 3658 Cronio,
820 3587 887 3651 diei
902 3589 965 3652 iter
981 3607 1119 3662 remoto,
1139 3591 1224 3676 quod
1242 3582 1313 3648 latiur

315 3684 509 3757 dictumest,
534 3702 567 3748 et
582 3688 622 3749 de
640 3687 762 3752 circulo
779 3688 892 3772 polari.
927 3689 997 3753 Vid.
1012 3695 1164 3754 Mortuert
1178 3707 1208 3753 et
1220 3681 1315 3750 Penzd

315 3809 362 3850 cc.
380 3791 413 3849 ll.
441 3808 539 3872 quem
562 3803 595 3850 et
607 3789 647 3852 cf.
671 3811 701 3871 p.
719 3799 804 3866 414.
857 3791 949 3874 Quae
972 3793 1012 3853 de
1031 3791 1085 3856 die
1103 3809 1135 3856 et
1153 3805 1239 3854 nocte
1257 3803 1313 3848 con·

314 3884 406 3948 tinne
421 3903 656 3962 memorantur,
683 3891 737 3950 etsi
753 3888 863 3950 minus
884 3913 960 3954 rere
979 3893 1104 3966 retulit,
1130 3911 1215 3954 error
1229 3901 1314 3950 nmen

314 3983 372 4047 ilie
389 3987 539 4050 Straboni
556 3989 678 4070 potius,
696 4010 795 4075 qurm
811 3988 868 4074 ipsi
885 3995 1028 4072 Pytheae
1044 3991 1145 4056 tribui
1161 3993 1258 4058 debet,
1276 3975 1312 4046 ¹¹5

314 4105 354 4148 ex
370 4085 512 4151 Gemino
532 4087 676 4154 discitur.
710 4089 782 4155 Vid.
800 4091 966 4180 deinceps.
1005 4099 1056 4158 De
1071 4088 1242 4177 Norwegia
1260 4077 1312 4174 qui·
