2746 4894
261 385 325 458 41⁰
494 330 499 338 ’
532 375 691 437 notra
731 377 1032 435 precurrere

260 551 323 624 est,
354 549 432 616 telle
452 550 562 614 Plinio
581 561 615 629 5.
638 569 669 616 1.
694 551 730 613 in
749 553 860 614 medio
886 554 965 617 adeo
989 553 1089 638 [patio
1110 551 1196 616 inter
1213 545 1305 618 asia

260 646 378 743 ὄχημα
398 668 431 716 et
452 655 713 738 promontorium
733 653 925 737 Hesperium
948 657 1109 719 Atlantem
1124 657 1257 726 locarit.
1283 675 1305 720 a

260 759 372 821 ceteris
393 756 562 828 omnibue.
588 771 625 817 nt
641 770 754 818 monet
775 758 919 830 Plinius.
951 759 985 820 in
1007 758 1159 821 extremis
1175 759 1304 820 Maure·

260 859 365 921 tertiae
381 858 558 940 proditum.
592 859 631 920 ln
647 859 818 922 recentiori
837 863 970 924 nomine
979 862 1176 941 discrepant:
1202 859 1305 944 Berg-

258 958 381 1024 llrilaer
395 959 429 1023 h.
445 981 478 1025 v.
498 962 601 1023 maior
621 960 654 1024 b.
676 961 864 1044 Ayduncnt.
891 963 998 1025 minor
1018 963 1052 1026 h.
1073 953 1189 1050 Errt'f.
1221 961 1303 1023 Bor·

258 1061 327 1124 ltelc
342 1081 369 1124 c.
384 1063 408 1124 l.
431 1083 463 1146 p.
480 1077 513 1136 7.
530 1063 679 1127 maloth.
696 1079 859 1146 promont.
874 1063 1027 1152 Bojudor.
1051 1065 1159 1126 minor
1175 1063 1207 1125 h.
1226 1081 1303 1145 pto·

257 1179 363 1228 mont.
387 1164 525 1227 Kantin.
585 1165 647 1228 Alii
672 1167 826 1228 maiorem
848 1181 880 1228 et
903 1168 1063 1228 minorem
1080 1167 1144 1228 dici
1167 1179 1304 1256 propter

256 1267 378 1326 variam
393 1267 610 1338 altitudinem,
632 1281 772 1332 ceterum
787 1287 854 1329 non
868 1269 928 1332 elle
945 1269 1002 1330 nili
1017 1287 1119 1328 unum
1135 1269 1303 1328 montium

256 1379 410 1441 tractum,
439 1368 568 1432 tellibua
591 1370 881 1454 peregrinantibna.
911 1391 1007 1452 quem
1031 1369 1175 1452 sequatur
1196 1368 1303 1430 deler-

255 1483 329 1532 tum
347 1469 381 1532 h.
400 1470 537 1536 Snlrara.
572 1472 677 1542 Shaw.
698 1476 836 1558 (voyage
853 1475 894 1534 T.
910 1492 940 1537 ι.
957 1493 991 1555 p.
1003 1475 1052 1550 8.)
1079 1491 1159 1552 quoe
1175 1471 1302 1533 viderit

226 1613 232 1620 ·
255 1575 325 1635 eine
349 1585 475 1643 tractus.
502 1593 563 1635 uec
578 1574 683 1656 Alpes.
709 1595 769 1636 nec
792 1575 872 1637 adeo
896 1575 1103 1656 Apenninum
1126 1573 1301 1636 altitudine

254 1693 387 1755 aequare
404 1674 578 1755 adfirmat.¹
611 1675 681 1758 lple
696 1688 814 1738 tractui
832 1678 1022 1739 terminatur
1038 1676 1076 1736 ad
1093 1673 1302 1736 occidentem

255 1776 307 1859 τῷ
322 1767 453 1866 Dsj'ebel
470 1767 581 1868 Musa.
603 1773 673 1862 (qui
689 1778 768 1841 olim
778 1769 903 1869 fiptem
916 1769 1174 1868 fratresdictus)
1208 1777 1301 1860 Quia

253 1879 353 1964 igitur
367 1879 452 1939 Atlae
468 1883 633 1965 regionem
652 1878 801 1942 Maroneo
818 1879 926 1942 rerlue
941 1879 1078 1942 austrum
1095 1879 1205 1962 cingit,
1228 1877 1301 1939 alii·

254 2000 317 2062 que
335 1995 463 2044 montet
480 1985 551 2044 eiue
566 1993 689 2044 tantum
706 1981 777 2044 lunt
792 1995 904 2064 pertet.
926 1983 1011 2044 varia
1026 1982 1123 2042 etiarn
1139 1981 1300 2041 recentio-

254 2101 305 2145 ret
336 2082 458 2143 Atlanti
490 2085 624 2148 nomina
655 2083 885 2167 imposuerunt.
937 2086 985 2145 lta
1011 2084 1140 2164 qnidam
1169 2079 1301 2146 Guibet.

256 2183 363 2248 Stuart
378 2187 412 2245 in
428 2186 534 2248 itiner.
551 2207 583 2268 p.
601 2207 645 2248 m.
661 2196 722 2266 47.
738 2187 880 2246 Zarlron.
907 2185 1079 2246 D’Anrille
1095 2199 1223 2246 montes
1238 2203 1302 2264 pn·

254 2299 316 2358 tat,
342 2287 396 2369 qui
418 2286 565 2372 regiones
580 2289 637 2352 Fet
657 2303 689 2351 et
703 2289 850 2350 Merocco
867 2309 883 2348 a
901 2291 990 2373 pagis
1008 2277 1203 2376 Sisjr'lmrffe.
1234 2285 1300 2347 Ta·

246 2386 339 2486 filet.
372 2387 495 2452 Durnir
516 2411 615 2472 prope
637 2387 796 2452 desertum
818 2409 972 2472 maguum
995 2391 1184 2456 terminant.
1213 2385 1301 2448 lum·

254 2511 405 2572 mamque
431 2492 635 2553 altitudinem
657 2491 717 2554 elle
740 2493 828 2562 fliz„
851 2493 923 2553 l'itl.
948 2489 997 2552 sur
1023 2490 1068 2552 lea
1091 2483 1222 2550 riuiitree
1252 2489 1298 2550 de

252 2591 431 2654 l'interieur
455 2592 496 2664 de
520 2590 672 2673 l'Afrique
697 2596 731 2654 in
758 2595 931 2654 memoirea
964 2594 1004 2656 de
1030 2591 1212 2652 l'acadernie
1235 2591 1298 2652 dee

251 2693 359 2754 inlcrr.
376 2693 417 2754 T.
434 2695 492 2756 26.
510 2713 581 2778 pag.
599 2695 657 2776 64.
711 2696 802 2759 Varia
834 2697 966 2758 nomina
1001 2693 1150 2756 Atlantici
1176 2705 1298 2753 tractus

253 2795 365 2858 Maura
379 2791 479 2856 adfert
495 2795 591 2860 Hoell
604 2817 637 2879 p.
656 2810 715 2875 78.
737 2812 768 2860 et
791 2799 951 2858 minorem
967 2797 1046 2857 olim
1061 2795 1183 2856 dictum
1198 2805 1298 2856 vocat

254 2897 398 2960 Maurice
422 2895 529 2978 Sgebel
551 2889 636 2989 aris.
672 2901 729 2982 qui
753 2902 911 2980 nequead
935 2898 1077 2959 Meccam
1101 2898 1296 2979 porrigatur.

254 2999 355 3064 Pauci
371 3001 451 3062 olim
473 3021 511 3062 eo
527 3016 751 3084 penetrarunt.
778 3015 811 3064 et
826 3005 947 3083 primus
963 3000 1060 3061 llorn.
1078 3001 1200 3059 rincum
1213 2999 1296 3061 Sue-

213 3172 219 3181 ,
254 3103 364 3164 tonina
393 3104 559 3174 Paulinus,
592 3104 679 3186 quod
704 3104 848 3175 adfirmat
873 3105 956 3166 Plin.
975 3114 1006 3178 5.
1033 3121 1064 3166 1.
1087 3097 1296 3182 transgrellue

255 3223 381 3287 quoque
403 3203 447 3266 eii
462 3205 623 3267 Atlantem
643 3207 764 3286 aliquot
782 3206 908 3266 milium
925 3203 1033 3288 spatio.
1087 3197 1191 3263 Mauri
1213 3201 1295 3264 inde

124 3363 127 3375 .
254 3308 367 3370 nivem
396 3319 527 3387 petunt.
562 3320 594 3368 et
627 3309 762 3369 telorum
798 3305 938 3368 lonitum
971 3306 1118 3387 intercipi
1145 3303 1295 3364 adfirmat

255 3407 352 3470 Hoeli
366 3427 397 3488 p.
417 3419 475 3485 78.
508 3409 589 3470 lnrle
605 3422 695 3471 natae
712 3410 830 3471 multae
847 3407 979 3470 fabulae.
1007 3410 1114 3469 Immo
1128 3405 1291 3468 Plin.c..l.

254 3509 403 3571 Martian.
421 3508 546 3592 Capella
562 3508 596 3576 6.
612 3531 643 3592 p.
663 3521 748 3588 215.
774 3513 903 3574 Solinus
921 3525 979 3583 27.
999 3508 1019 3571 i.
1035 3519 1093 3590 asu.
1113 3509 1153 3568 de
1166 3526 1204 3569 eo
1221 3525 1294 3566 nar·

254 3626 340 3681 rant.
372 3611 459 3692 quod
481 3611 568 3695 lupra
590 3633 617 3674 c.
635 3631 668 3692 9.
696 3625 728 3690 5.
757 3612 870 3675 Noster
894 3613 934 3674 de
957 3612 1018 3674 alio
1038 3623 1167 3678 monte.
1201 3607 1292 3689 quod

254 3711 341 3779 θεῶν
366 3703 482 3802 ὄχημα
504 3714 679 3785 dicebatur.
711 3712 828 3785 adfert.
859 3715 1003 3796 adeoque
1026 3714 1066 3774 de
1089 3711 1207 3792 campie
1228 3710 1295 3772 illie

253 3815 447 3899 patentibue.
498 3817 585 3878 Haec
607 3831 713 3879 tamen
734 3816 774 3878 de
792 3817 919 3899 lirepitu
937 3817 975 3878 ari
989 3833 1077 3878 oram
1097 3814 1294 3873 maritimam

254 3915 350 3980 refert
365 3917 502 3984 Solinus.
531 3919 635 3982 iidem
656 3931 798 3981 auctores
816 3920 912 3979 multa
930 3919 970 3980 de
989 3932 1108 3984 natura.
1134 3913 1292 3983 lontibus.

255 4019 339 4090 silvie
360 4023 492 4087 montio.
543 4021 642 4108 Quod
662 4040 765 4106 nuper
786 4019 872 4101 Bury
896 4022 936 4084 de
959 4021 1005 4086 St.
1021 4021 1159 4084 Vinceut
1176 4015 1226 4080 lur
1243 4016 1293 4081 lea
