2650 4896
113 426 320 486 narone.
350 425 459 485 nrt.
500 425 609 486 nnc
652 427 787 492 cvm.
828 427 909 503 to
970 437 1033 508 2⁹⁹
1105 403 1112 414 ⁸

28 603 197 670 &maniam
216 601 346 684 antiqno
364 619 464 666 more.
506 599 660 664 Ceterum
676 599 716 663 fic
731 596 979 688 Agatharchides
995 601 1039 665 cie

29 709 87 771 uari
100 705 188 767 rubro
202 725 235 785 p.
255 719 313 780 27.
335 698 480 784 (fluat.)
502 701 759 787 Ichthyophagoe
778 701 865 776 sune,
895 721 976 786 quoa
998 701 1038 765 ah

30 807 114 874 inhia
133 807 170 866 ed
186 806 312 868 indiam
332 817 524 887 promovet,
549 823 625 868 curn
640 803 770 868 feminis
788 805 894 868 nudor
908 803 969 867 elie
991 825 1039 867 re·

32 907 237 971 iertDiodorue
255 921 287 985 3,
309 919 364 986 15.
398 907 454 988 qui
474 907 566 968 ilium
583 907 699 970 ducem
723 909 861 969 maxime
885 905 1039 987 [equitata
1084 927 1086 934 ’

31 1000 130 1072 enitor
149 1031 179 1070 r.
196 1001 377 1096 βαρβάρων
401 1003 482 1082 τινὲς
498 999 616 1096 γυμνοὶ
640 999 681 1071 τὸ
701 1001 858 1096 παράπαν
880 1004 1040 1086 βιοῦντες.

31 1111 151 1173 ienmm
170 1123 276 1172 umen
298 1107 433 1192 pellibur
458 1107 486 1171 ie
508 1107 639 1171 vessiiffe
660 1106 766 1170 scribit
783 1107 915 1172 Curtina
930 1127 963 1188 9,
985 1129 1041 1181 ro,

33 1231 73 1274 ιο.
95 1211 255 1294 grandium
269 1209 401 1293 piscium
416 1209 580 1272 Nearchus
594 1231 625 1292 p.
635 1229 680 1272 m.
697 1231 751 1274 ro.
769 1207 900 1292 (Hndi.)
928 1204 1044 1290 διφθὲ.

31 1335 69 1400 ρας
88 1301 207 1397 ἰχθύων
228 1309 392 1402 μεγίστων
413 1311 491 1374 dicit
511 1309 721 1376 Philostratue
741 1311 775 1372 in
797 1313 862 1372 vita
878 1311 1042 1393 Apollonii

33 1427 56 1492 5.
75 1425 124 1490 55.
159 1413 310 1476 Ferarum
332 1407 428 1500 δορᾶς
450 1426 682 1476 commemorat
705 1415 800 1474 etiam
823 1413 960 1477 Diodor.
983 1427 1040 1491 17,

36 1528 95 1592 1⁰5.
129 1517 174 1577 lta
192 1535 271 1578 vero
292 1514 432 1578 nostrum
451 1513 656 1587 intellexiste,
682 1513 820 1578 subiecta
837 1515 966 1578 docent.

86 1737 126 1778 ec
146 1708 304 1807 fruge)
362 1715 525 1780 Desertam
552 1731 586 1782 et
610 1717 727 1782 ruiirm
755 1717 923 1804 regionem
947 1729 1043 1782 vocat

33 1816 134 1880 Curtiua
147 1837 181 1899 9,
204 1840 259 1889 ro,
279 1831 312 1895 8.
338 1833 431 1902 atque
453 1819 511 1881 hac
527 1821 567 1883 de
587 1820 676 1884 canir
694 1819 884 1883 Macedonas
902 1837 973 1882 eam
995 1821 1044 1882 iu·

33 1919 135 2002 greffoa,
159 1923 197 1983 ad
214 1921 332 1985 semem
348 1922 491 1984 redactur
505 1921 582 1994 effe,
608 1921 723 1986 faihu.
760 1919 930 1986 consentit
946 1919 1043 1983 Near-

34 2019 91 2082 chur
106 2041 171 2106 pag.
193 2037 249 2105 13.
273 2021 416 2102 (fluat.)
440 2015 529 2097 σῖτός
544 2045 583 2086 τε
604 2013 726 2088 αὐτόθι
748 2013 809 2086 οὐκ
825 2019 905 2109 ἐνῆν.
950 2023 1045 2086 Idem

34 2139 57 2202 p.
73 2135 118 2200 13.
139 2118 245 2209 ὀλίγοι
268 2120 451 2212 σπείρουσι,
477 2123 534 2184 ubi
549 2137 581 2188 et
597 2127 764 2210 regionem
780 2139 874 2188 vocat
893 2117 1044 2212 ἄδενδρόν

34 2243 60 2282 er
73 2215 118 2284 eni
135 2216 263 2315 ἄφορον
286 2223 418 2315 ungreio
440 2220 572 2312 ἡμέρων.
614 2227 684 2290 Nec
697 2247 828 2312 gramen
844 2226 960 2289 habere
974 2225 1045 2288 leh·

36 2321 266 2412 throphagorum
289 2341 404 2390 terram
421 2328 565 2389 adfirmat
584 2348 616 2411 p.
638 2343 693 2391 rtt.
747 2328 891 2390 Farinam
904 2348 943 2391 ex
956 2325 1046 2409 pisci·

35 2421 170 2490 biarchis
186 2431 353 2500 molitam,
379 2423 533 2493 frumenti
548 2449 660 2512 parum
675 2428 815 2492 hahuiffe
830 2429 916 2492 idem
932 2449 964 2512 p.
986 2424 1044 2492 16.

35 2521 179 2592 Pecnribue
195 2531 276 2592 adeo
291 2531 400 2613 pabuli
420 2531 490 2593 loco
506 2527 638 2592 farinam
654 2551 693 2594 ex
708 2531 794 2593 tostis
809 2528 944 2613 piicibua
959 2547 1047 2613 prae·

35 2621 75 2686 het
95 2627 221 2694 Nearch.
242 2653 276 2715 p.
299 2653 342 2694 m.
365 2647 418 2698 ια.
449 2643 504 2710 rss.
527 2651 586 2716 pro
607 2652 671 2715 quo
695 2631 901 2696 Philostratus
924 2633 958 2693 in
979 2631 1048 2694 vita

36 2725 170 2808 Apollonii
186 2745 297 2818 545.
322 2731 459 2817 piscibus
474 2753 588 2818 pecora
609 2734 668 2806 ali,
694 2747 731 2795 nt
752 2733 874 2798 ficuhue
891 2733 925 2795 iu
943 2732 1046 2804 Caria,

37 2845 125 2894 narrat.
176 2833 229 2897 Cf.
251 2835 346 2896 etiam
362 2835 481 2898 helian.
503 2837 537 2897 iu
562 2835 605 2898 Η.
627 2835 687 2899 An.
709 2847 766 2913 15,
788 2845 846 2913 25.
897 2835 990 2898 Idem
1011 2835 1048 2896 in
1104 2865 1108 2875 .

38 2929 162 2996 Thraciae
191 2937 265 2998 ioco
295 2937 379 3007 fieri,
418 2950 520 2998 narrat
553 2934 733 3000 Athenaeus
760 2947 793 3015 8,
824 2951 857 3012 7.
899 2950 931 2998 et
961 2933 1048 3018 apud

40 3027 120 3096 Celtae
134 3036 254 3100 helian.
272 3057 298 3104 c.
316 3037 337 3102 i.
390 3039 428 3099 ln
444 3037 521 3100 iocie
544 3035 672 3101 defertis
692 3039 860 3123 regionem
878 3055 938 3098 nec
958 3035 1050 3098 arho-

39 3149 108 3205 rum,
140 3154 198 3202 nec
231 3135 394 3200 fructuum
426 3137 560 3202 feracem
592 3139 672 3209 effe,
713 3141 856 3200 adfirmet
883 3135 1049 3200 Nearchua

40 3249 93 3316 pig.
112 3249 162 3316 18.
210 3238 380 3302 consentit
399 3261 473 3302 cum
492 3239 648 3311 Nearcho,
673 3241 753 3304 ‹iuce
768 3239 835 3310 ino,
857 3239 971 3302 Strabo
992 3251 1046 3317 15.

40 3350 63 3412 P·
76 3345 150 3415 495.
167 3339 187 3402 i.
210 3355 294 3417 720.
348 3342 400 3403 Sic
416 3341 613 3415 Gedroiiam,
639 3341 695 3403 iub
710 3363 771 3424 qua
790 3341 973 3424 ponendam
988 3339 1049 3402 effe

40 3430 103 3497 hene
114 3439 293 3505 Carmaniae
307 3457 428 3526 partem
443 3446 476 3504 in
492 3443 576 3505 Mela
592 3441 681 3526 supra
697 3443 819 3513 monui,
842 3440 950 3504 verina
964 3461 1050 3504 mare

41 3531 167 3602 desertam
193 3545 271 3606 dicit
295 3547 415 3607 Arrian.
443 3545 482 3606 rie
509 3545 623 3628 expeti.
649 3545 739 3608 Alex.
759 3545 793 3614 6,
820 3557 878 3620 23.
930 3541 1051 3606 Contra

41 3633 215 3706 Carmaniam
231 3647 362 3727 antiquo
379 3643 465 3707 sensu
483 3645 667 3710 fertiliorem
683 3645 744 3709 effe
764 3645 931 3728 praedicat,
955 3662 1051 3724 quum

41 3733 331 3832 ichthyophagorum
347 3761 378 3809 et
393 3747 554 3810 Oritarnm
568 3747 756 3833 regionem,
778 3743 891 3808 ‹iiierte
907 3745 1050 3807 adfirmet

43 3833 180 3910 Nearchus
201 3869 232 3930 p.
252 3865 308 3914 aa.
332 3847 473 3928 (Huni.)

94 4037 180 4134 sine
209 4051 378 4133 pecore)
427 4051 495 4114 Alia
520 4051 627 4115 omnia
648 4069 688 4113 ex
711 4045 858 4111 Nearcho
879 4044 1052 4118 diicuritur,

43 4143 201 4228 eripuere
218 4151 370 4237 piscibus,
398 4154 450 4216 vel
467 4151 545 4216 iactr
561 4173 600 4216 ex
622 4151 758 4238 piscibus
775 4149 873 4214 irrina
889 4151 930 4214 ali
947 4147 1052 4221 refert,
