2650 4896
300 409 362 458 m
566 395 725 456 nom
764 395 1062 454 execuntur.

299 569 373 634 lunt
389 567 493 632 Melae
511 569 743 654 Hippopodea.
769 568 931 642 anonea,
956 569 1089 642 Panno.
1115 581 1154 632 et
1173 568 1255 632 ultra
1275 587 1322 653 po·

297 675 386 736 nitm
411 671 516 734 Tinde.
555 673 603 734 lta
618 671 728 733 [etiem
745 671 850 733 bielno
871 669 987 734 iniene
1007 687 1098 754 puto.
1141 671 1197 734 Sic
1218 671 1322 734 Ponte·

297 795 361 836 noa
374 793 402 836 c.
421 773 443 834 t
466 794 499 855 p.
515 773 601 851 69⁰.
623 775 821 857 Ingaevones
841 773 937 834 etiam
957 775 1036 835 nitra
1049 775 1230 836 Snevicnm
1247 792 1322 836 mare

297 873 495 938 [Balticnm
517 875 679 942 extendit,
709 889 743 935 et
763 875 1004 936 Scandinaviam
1025 874 1163 936 tennille
1180 875 1322 936 adfirmat.

297 975 398 1060 Quod
416 990 449 1036 et
466 975 506 1036 fic
519 975 654 1036 dobinm
672 989 772 1059 puto,
798 976 903 1037 Melae
917 977 1047 1058 quidem
1062 990 1231 1058 tempore,
1257 974 1322 1036 lida

296 1091 364 1138 tota
386 1089 482 1160 gente
508 1079 719 1161 intelligatur,
757 1089 793 1137 nt
818 1091 924 1138 tamen
957 1079 1208 1140 scandinaviam
1237 1071 1322 1158 ipbm

296 1177 496 1261 Noxxegiam
513 1175 572 1238 elle
586 1179 659 1240 dare
675 1198 741 1240 non
757 1173 884 1260 poffim.
912 1178 1091 1239 Seloxtdiom
1107 1193 1223 1240 contra
1235 1176 1322 1238 Plinii

295 1287 332 1362 4.
350 1277 440 1350 ΨΜ.
458 1277 783 1358 (13.i.)iatrinelle
799 1279 1068 1362 putataWedelc.
1078 1281 1099 1342 l.
1114 1301 1150 1362 p.
1163 1293 1224 1357 ¹79.
1248 1276 1322 1338 Con·

296 1393 344 1442 tra
360 1380 490 1442 Cluver.
505 1383 538 1442 in
556 1380 594 1442 G.
613 1383 650 1443 Δ.
670 1395 703 1456 3.
721 1394 779 1460 57.
800 1401 833 1466 p.
848 1382 933 1460 651.
956 1371 1062 1474 04⁶¹?
1093 1399 1219 1462 nempe
1238 1390 1322 1460 proot

294 1483 429 1566 quilibet
450 1481 633 1562 Cylipenum
644 1477 755 1570 fimana
770 1482 886 1554 Plinii,
918 1484 952 1542 in
972 1501 1035 1563 qno
1052 1479 1133 1552 fuit,
1167 1479 1320 1564 intelligit.

295 1581 442 1646 Omnino
470 1599 577 1644 autem
602 1585 843 1646 scandinaviam
871 1603 943 1644 com
966 1581 1072 1646 chent
1102 1582 1268 1646 Cimbrici
1288 1578 1322 1640 ad

295 1683 448 1750 celticam
459 1684 600 1766 Pytheae
612 1683 709 1746 relect
721 1685 925 1748 aWedelcl.
943 1679 1064 1766 paffim‚
1078 1686 1151 1746 vid.
1166 1703 1199 1765 p.
1213 1698 1255 1761 19
1264 1679 1317 1762 sqq.

292 1785 479 1866 idoneisque
505 1789 702 1870 argumentis
729 1785 886 1870 probavit.
939 1788 988 1846 Ex
1012 1805 1076 1866 quo
1105 1785 1202 1846 [imni
1226 1784 1319 1852 docet,

292 1901 448 1971 qnantum
470 1888 545 1950 fidei
562 1889 659 1950 huin·
680 1901 713 1950 et
734 1889 869 1950 notioria
892 1889 975 1949 illiue
992 1886 1132 1949 Celticae
1151 1883 1317 1970 ignorantia

292 1989 453 2074 derogarit
468 1989 609 2068 l'ytbeae
624 1989 866 2051 narrationibua.
916 1991 1020 2070 Atque
1034 1988 1111 2049 binc
1127 1985 1214 2050 forte
1230 1982 1315 2044 Diod.

293 2091 393 2154 sient.
408 2101 441 2166 5.
457 2103 515 2169 32.
534 2092 670 2175 intelligi
686 2105 719 2152 et
732 2091 896 2152 diiudicari
917 2089 1034 2172 potest,
1061 2089 1120 2150 ubi
1143 2089 1241 2156 dicit,
1264 2081 1314 2143 elle

292 2190 453 2260 Cimbros.
475 2193 530 2273 qni
548 2192 684 2254 llomam
702 2193 852 2274 ceperint,
877 2192 961 2274 quod
976 2191 1053 2252 alios
1069 2189 1171 2252 Gallia
1186 2187 1314 2248 tribuero

290 2293 457 2377 vulgatum
476 2291 528 2354 ell.
591 2291 717 2376 Nempe
742 2291 894 2356 Celticam
919 2293 1060 2371 Pytheae
1081 2291 1211 2355 Cimbri
1233 2304 1312 2348 occu·

289 2409 423 2478 parunt,
449 2395 536 2454 unde
552 2413 672 2454 nomen
694 2406 850 2454 mutatum
865 2393 908 2455 eil
927 2394 1039 2476 pollen.
1091 2393 1143 2453 Ex
1160 2411 1196 2454 ea
1217 2399 1312 2452 autem

291 2496 400 2559 Celtae
421 2495 475 2554 vel
493 2493 621 2578 sponte,
652 2494 703 2557 vel
726 2495 847 2577 depulli
866 2509 920 2558 aut
939 2515 956 2556 a
979 2493 1134 2564 Cimbria.
1166 2505 1223 2553 aut
1241 2499 1312 2549 'cata-

289 2595 408 2676 clylmo
426 2597 493 2666 illo.
518 2595 619 2679 (bene
642 2596 682 2658 de
700 2595 763 2656 hoc
784 2596 929 2658 aWedel
946 2615 973 2658 c.
989 2597 1011 2658 l.
1036 2616 1067 2677 p.
1089 2609 1159 2657 aon
1180 2586 1244 2673 lq.)
1265 2597 1311 2650 aut

174 2693 181 2702 ’
290 2695 429 2760 conlecta
464 2696 634 2758 hominnm
666 2697 820 2780 progenie
850 2697 885 2757 in
919 2711 1017 2758 terrae
1043 2695 1211 2780 angulliia,
1232 2688 1308 2774 (vid.

289 2793 446 2880 Quinctil.
463 2799 544 2860 decl.
562 2813 595 2875 3.
617 2799 697 2884 13.)
724 2797 856 2861 Galliam
877 2797 1029 2860 Celticam
1043 2810 1076 2859 et
1095 2797 1175 2859 hinc
1196 2791 1308 2856 ltaliam

288 2899 458 2981 petierunt.
486 2897 567 2959 Galli
582 2913 688 2961 antem
705 2913 737 2960 et
751 2898 858 2961 Celtae
873 2901 972 2961 iidem
990 2895 1078 2980 saepe
1096 2896 1178 2961 lunt.
1212 2895 1308 2955 Immo

288 3001 397 3070 latine,
428 3019 523 3082 qoam
547 2998 620 3060 iacit
637 3021 653 3062 a
670 3002 799 3071 Wedel,
831 3003 926 3061 etiam
948 3014 1019 3060 ante
1042 2999 1197 3077 Pytheam
1218 2990 1309 3076 patuit

289 3099 419 3171 Celtica,
444 3103 517 3182 qnia
533 3102 714 3163 Herodotus
729 3117 759 3169 n.
781 3115 836 3180 55.
856 3102 921 3162 lltri
936 3100 1040 3162 lontee
1055 3103 1088 3160 in
1098 3099 1198 3163 Celtis
1212 3091 1305 3177 ponit.

288 3203 332 3264 Et
347 3216 419 3263 ame
435 3203 637 3262 llerorlotnm
653 3202 757 3264 Celtae
780 3204 811 3262 in
826 3204 1029 3285 expeditione
1052 3203 1179 3262 relictos
1196 3198 1232 3258 ad
1253 3193 1305 3252 Ht-

288 3305 387 3364 daiam
406 3300 573 3364 conledille
588 3318 689 3363 narrat
711 3303 820 3383 Scylax
840 3323 912 3386 pag.
931 3305 964 3366 6.
981 3299 1079 3363 Hudi.
1115 3299 1231 3363 lithos
1249 3295 1305 3354 line

287 3403 387 3466 dnbio
410 3403 559 3486 intelligit
580 3403 689 3466 Strabo
707 3419 739 3478 7.
763 3425 794 3485 p.
813 3403 1031 3483 208.l.301.
1054 3404 1108 3490 qoi
1129 3402 1168 3464 ad
1184 3398 1302 3463 alenu-

288 3505 382 3566 drum
399 3505 446 3566 Μ.
464 3505 582 3587 legatos
603 3506 678 3568 inde
702 3503 864 3575 miserant,
891 3505 965 3567 telle
986 3508 1116 3566 Arriano
1140 3504 1180 3564 de
1199 3492 1301 3580 expell·

288 3607 376 3672 dlex.
400 3605 447 3668 lll.
474 3626 502 3675 t,
526 3615 560 3687 4.
592 3609 646 3687 qui
673 3608 801 3667 lonium
830 3606 929 3667 finum
956 3607 1041 3667 dicit.
1093 3603 1143 3668 cf.
1170 3617 1245 3685 quae
1267 3595 1301 3654 dt

288 3703 501 3768 Scandinovia
518 3708 614 3772 etiam
637 3708 811 3792 disputavit
827 3708 1005 3770 Praetorius
1020 3708 1055 3768 in
1076 3705 1152 3768 orbe
1173 3697 1300 3764 Gothico

287 3806 342 3870 nn.
360 3825 394 3890 t·
414 3827 447 3890 Ρ·
466 3819 511 3888 35
527 3806 589 3890 faa·

366 4005 563 4091 Teutoni)
599 4011 649 4072 De
664 4010 701 4072 iia
718 4009 756 4072 ad
776 4023 808 4090 5,
825 4023 856 4091 5.
874 4025 953 4072 extr.
981 4007 1110 4070 Conllat
1123 4019 1226 4069 antem
1240 3993 1297 4062 fibi.

285 4105 377 4191 ΨΜ
390 4125 418 4200 t?-
434 4102 457 4170 l.
481 4109 516 4172 in
539 4109 673 4175 Codnno
696 4112 766 4174 lino
785 4131 841 4176 eoa
859 4111 956 4174 etiam
979 4109 1094 4194 poluit.
1144 4106 1256 4170 lllnltat
1271 4106 1298 4158 et
