2650 4896
271 461 334 514 m
538 447 695 518 NOTAE
739 451 1034 513 attentarent.

270 597 507 697 hlall‘tlleniem
523 639 578 688 aut
594 628 703 698 alium,
719 647 792 689 cuna
802 627 952 692 anonae
967 631 1000 690 in
1017 641 1173 691 extremo
1183 627 1302 710 septem·

270 731 378 792 trione
398 729 543 791 collocat.
595 727 710 791 Caesar
724 731 811 792 enim
829 724 891 816 [de
910 731 948 794 Β.
966 731 1006 792 G.
1023 743 1058 810 4.
1088 725 1171 818 ιο.]
1195 733 1261 792 illua
1275 728 1302 794 ia

270 829 380 893 inlulie
401 828 508 890 Rheni
531 827 693 901 describit.
718 851 791 892 cum
812 833 872 902 ait,
900 833 965 894 illic
987 833 1067 903 elle.
1098 833 1159 912 qui
1181 822 1305 920 piscibus

270 943 368 1016 atque
394 931 464 992 ovis
481 933 588 994 nouem
610 932 715 993 viuere
734 929 965 1022 existimantur.
1018 933 1101 994 Non
1127 933 1232 1014 potell
1252 933 1304 993 hoe

271 1033 312 1096 tle
331 1031 401 1094 aliis
423 1029 550 1102 insulis,
579 1051 676 1114 quam
693 1033 854 1095 Batavicia
869 1047 901 1094 et
917 1034 1034 1096 Frilicie
1049 1035 1218 1116 intelligi,
1241 1053 1304 1114 qna·

270 1153 346 1197 rum
366 1151 434 1194 non
455 1153 572 1215 paucae
592 1135 663 1196 ovie
681 1148 807 1194 tantum
819 1149 852 1195 et
865 1134 1017 1216 piscibue,
1045 1149 1107 1194 ant
1130 1153 1234 1214 pane,
1258 1147 1306 1198 ant

270 1235 361 1318 pulte
382 1254 421 1296 ex
440 1235 551 1297 avenis
565 1234 717 1298 victitaffe
734 1235 826 1296 valde
844 1237 925 1296 mihi
947 1237 981 1298 fit
1000 1235 1194 1297 verifimile.
1235 1235 1302 1296 Eine

269 1338 318 1399 rei
348 1335 515 1420 vestigium
551 1334 683 1418 superest
712 1337 889 1397 etiamnum
920 1339 954 1397 in
984 1335 1210 1415 Eyerlandia.
1247 1336 1302 1396 Flia

271 1438 403 1519 alliaque
420 1436 646 1499 west-Fallite
669 1435 793 1507 infolio,
824 1437 881 1498 ubi
899 1451 987 1498 tanta
1004 1457 1152 1500 ovorum
1171 1437 1261 1519 copia
1274 1437 1301 1495 in

270 1539 418 1602 litoribus
449 1537 582 1600 arenosis
605 1539 723 1620 ubique
753 1541 934 1608 invenitur,
967 1553 1004 1600 nt
1029 1559 1066 1600 ea
1091 1539 1150 1599 vel
1179 1555 1300 1620 magnae

72 1652 80 1674 ‘
173 1669 177 1682 ·
270 1639 443 1702 hominum
464 1640 663 1700 multitudini
685 1640 724 1699 ad
747 1643 870 1700 victum
896 1637 1060 1702 [officiant.
1082 1674 1142 1686 —
1170 1653 1299 1698 rosnat.

271 1741 371 1824 Quod
400 1741 440 1800 tle
467 1740 658 1820 Eyerlandia
686 1739 790 1801 scribit
816 1737 952 1811 Voffiue,
989 1754 1088 1826 negat
1118 1741 1250 1802 Cluver.
1272 1739 1299 1796 in

273 1842 383 1904 Germ.
393 1855 458 1904 ant.
475 1863 505 1923 p.
520 1853 600 1924 134.
628 1837 725 1904 Voffit
740 1843 836 1903 etiam
846 1843 1092 1925 explicationem
1107 1837 1299 1902 reiicitllurl·

270 1941 364 2004 beck.
380 1943 413 2002 in
429 1944 586 2004 Atlantica
598 1943 635 2004 P.
652 1957 685 2019 3.
700 1962 727 2004 o.
748 1962 801 2006 to.
816 1945 845 2021 §.
863 1959 895 2006 Ω.
914 1965 945 2026 p.
962 1959 1045 2007 201.
1068 1959 1103 2004 et
1117 1943 1179 2002 has
1194 1937 1297 2000 inlulat

272 2044 314 2105 ad
324 2045 476 2106 orientale
490 2045 650 2106 Sneoniae
665 2045 747 2106 latua
763 2043 833 2106 ittae
850 2043 909 2105 elle
927 2059 1027 2126 putat.
1059 2046 1111 2106 lta
1131 2045 1184 2103 vir
1198 2043 1296 2102 doctor

272 2145 307 2205 in
325 2143 403 2205 bibl.
420 2143 609 2228 philologica
626 2143 662 2206 P.
677 2157 709 2218 3.
728 2165 758 2226 p.
775 2154 858 2224 304.
873 2145 1056 2229 (Goetting.
1073 2145 1207 2222 1775.)
1226 2140 1296 2200 male

272 2241 377 2306 censet
399 2247 497 2305 etiam
520 2263 538 2305 a
559 2239 665 2306 Vollro
685 2245 719 2304 in
741 2245 834 2306 Frlsra
861 2260 894 2305 et
915 2248 1031 2307 vicinia
1056 2247 1159 2328 poni,
1192 2243 1295 2324 qnippe

272 2363 370 2427 quern
388 2357 520 2406 tractam
541 2347 656 2409 melius
671 2345 787 2418 nollet,
810 2365 905 2428 qnam
921 2345 1114 2418 lelandiam,
1138 2362 1172 2408 et
1189 2342 1295 2425 quaerit

272 2447 420 2508 interris
446 2446 754 2529 septemtrionalibue
781 2461 814 2510 et
838 2446 962 2520 inlulia,
995 2469 1134 2530 quarum
1158 2463 1228 2508 orae
1246 2439 1293 2502 fre·

271 2559 430 2628 quentent
463 2569 538 2611 aver
571 2551 728 2631 plurimae
762 2550 914 2611 marinae.
967 2551 1139 2614 Schloezer
1172 2551 1205 2607 in
1235 2539 1293 2603 hill·

272 2645 520 2729 septemtrionali
539 2669 571 2730 p.
595 2663 674 2728 ¹⁸5·
697 2650 842 2712 conlocat
866 2652 898 2709 in
915 2665 1054 2712 extrema
1069 2665 1160 2732 parte
1178 2645 1291 2710 boreali.

271 2747 329 2808 ubi
361 2747 460 2810 insula
493 2751 647 2832 quaedam
674 2750 777 2810 adhuc
807 2771 925 2812 nomen
959 2752 1078 2832 fngtoa·
1102 2754 1124 2813 i.
1153 2771 1182 2810 e.
1207 2743 1292 2807 inlula

273 2849 384 2910 avium
406 2849 531 2913 habeat.
582 2852 643 2914 Sed
659 2869 732 2912 cunr
757 2851 809 2913 ille
833 2865 986 2912 terrarum
1005 2867 1120 2914 tractus
1144 2845 1291 2912 veterion

272 2967 387 3034 parum
412 2965 499 3012 certo
525 2949 622 3013 fuerit
645 2953 807 3037 cognitur.
840 2966 872 3013 et
893 2951 990 3014 lando
1015 2967 1144 3013 tantum
1168 2949 1291 3014 auditne,
1322 3025 1323 3028 Ἴ

272 3051 391 3112 incerta
409 3054 506 3112 etiam
523 3065 670 3134 poterant
686 3067 718 3114 et
734 3072 815 3136 vaga
830 3052 870 3114 de
884 3054 952 3115 eine
969 3053 1025 3114 litu
1047 3045 1289 3115 commemorari.
1321 3046 1323 3130 l

273 3153 322 3213 lta
340 3152 379 3213 de
403 3155 534 3214 nornine
556 3155 653 3215 etiam
674 3153 869 3235 disputatur,
902 3157 950 3215 uti
967 3156 1030 3216 iam
1047 3156 1170 3215 dictum
1186 3153 1218 3212 in
1231 3159 1290 3208 not·
1322 3139 1323 3154 ¹

274 3254 343 3314 orit.
359 3273 385 3316 c.
403 3253 423 3315 l.
446 3253 632 3335 dubitatque
655 3253 734 3315 adeo
755 3253 882 3318 Salmas.
904 3258 943 3316 ad
965 3256 1065 3317 Solio.
1083 3275 1111 3318 c.
1130 3269 1188 3317 αα.
1205 3249 1223 3312 l.
1243 3265 1288 3329 19·

272 3373 307 3436 p.
325 3373 369 3416 m.
391 3365 471 3432 ¹53·
494 3375 534 3415 an
549 3355 588 3416 ab
603 3349 666 3417 ω’ὸν
682 3373 803 3417 nomen
820 3356 1032 3418 derivandum
1048 3356 1091 3426 stt,
1119 3375 1178 3416 nec
1195 3349 1289 3436 potius

274 3453 314 3514 ab
332 3455 443 3518 aucuia
458 3455 532 3516 duci
550 3453 713 3540 potnillet,
737 3456 851 3538 quibua
870 3459 966 3518 etiam
983 3455 1199 3518 vescebantur.

346 3653 643 3738 Hippopodas)
678 3657 798 3742 Qualee
814 3658 883 3729 sant,
906 3655 970 3742 iple
986 3659 1132 3740 explicat,
1151 3655 1197 3720 nti
1212 3651 1283 3715 Plin.

274 3767 310 3838 4,
334 3771 392 3832 27.
416 3756 513 3837 [15.
554 3759 604 3819 De
624 3758 662 3820 iis
683 3761 782 3823 Solio.
801 3775 859 3822 αα.
877 3759 897 3821 l.
921 3777 975 3838 19.
1002 3751 1137 3850 ursulae,
1168 3767 1284 3842 qrtarttm

276 3857 485 3939 Hippopodas
507 3857 687 3940 indigenae,
713 3860 852 3921 hnmana
870 3881 965 3942 nsque
985 3860 1030 3920 ad
1049 3859 1210 3954 vestigium
1219 3843 1283 3942 for·

278 3979 331 4018 ma
348 3959 380 4017 in
400 3961 528 4039 equinos
546 3959 639 4036 perles
658 3957 814 4050 defluunt.
853 3962 992 4042 Uterque
1015 3962 1047 4022 in
1070 3949 1282 4021 insultaverint

277 4077 366 4118 mare
393 4056 658 4138 septemtrionale,
683 4075 719 4122 ut
744 4059 915 4142 superiores
939 4075 972 4122 et
993 4060 1163 4143 sequenter,
1193 4054 1280 4140 ponit·

276 4155 385 4221 Habet
409 4163 507 4220 etiam
533 4161 740 4244 Hippopodas
761 4161 894 4243 Dionys.
913 4181 946 4226 v.
968 4175 1053 4241 510.
1074 4165 1114 4225 ad
1136 4152 1280 4240 Boryohe
