2748 4888
173 341 229 400 rn
257 341 400 404 nour.
429 345 538 404 nar.
580 344 690 403 um.
731 344 827 404 cn.
862 309 947 416 57.
1050 351 1092 414 γι

48 527 75 578 rt
89 514 151 577 Dio
167 528 229 596 39,
255 525 325 598 44.
352 517 486 582 Colonia
501 518 703 581 Morinorum
724 518 842 606 legitur
861 520 895 580 iu
916 515 1092 600 inscriptio·
1159 535 1164 544 ·

48 636 81 682 nr
101 618 185 702 apud
205 617 343 682 Gruter.
360 640 393 703 p.
409 630 468 696 80.
485 621 519 684 6.
555 620 725 682 D’Anrilia
742 643 775 706 p.
790 621 877 700 466.
895 619 935 682 ii·
949 617 1091 704 adfigunt

48 731 171 780 tractum
191 717 334 784 urbium
354 721 532 802 Bouiogno.
559 721 606 784 St.
621 721 738 794 Ornat,
763 723 854 806 ipra,
878 720 965 783 undo
979 732 1089 784 tamen

47 819 147 882 eximit
170 831 319 883 tractum
347 823 508 904 Tournai,
539 843 636 906 quom
660 823 791 888 Nervii·
814 822 957 893 dandum
983 834 1087 906 pnttt.

44 919 79 982 Η.
99 918 181 992 iere,
217 923 280 984 ubi
305 923 474 990 flandria.
525 923 576 988 cf.
608 925 648 988 de
674 943 787 986 eorum
819 921 936 988 finibur
962 923 1085 1008 Alting.

44 1041 71 1102 p.
87 1033 142 1102 93.
157 1042 185 1086 c.
201 1022 225 1084 1.
249 1037 288 1087 ct
315 1028 452 1088 omnino
475 1026 514 1088 do
537 1025 743 1090 Morinorum
763 1025 858 1090 robur
886 1026 944 1112 qui
967 1021 1086 1110 [cripit

42 1122 213 1210 iiialbranq.
244 1127 391 1190 Tornaci
414 1127 520 1210 1639.
538 1137 574 1209 4.

112 1315 416 1418 Gesoriacum)
466 1331 516 1394 Da
540 1327 690 1414 [criptura
714 1327 756 1395 ci.
782 1341 852 1394 not.
876 1329 946 1394 crit.
969 1347 1002 1413 p.
1021 1337 1082 1407 8¹·

47 1526 176 1590 necuim
192 1527 300 1614 spatio
316 1545 388 1595 ante
403 1533 481 1596 dixi.
510 1529 667 1600 'Errivarov
681 1547 774 1597 vocat
786 1533 923 1597 Ptolom.
942 1549 974 1604 u,
989 1531 1080 1612 9.iu.

50 1625 121 1689 Corn
143 1649 245 1713 propo
264 1633 343 1695 affut
364 1637 621 1716 promontorium
634 1625 750 1709 Ἴκων,
778 1646 814 1696 ut
830 1635 1019 1720 intelligitur
1040 1649 1082 1694 ex

48 1727 222 1794 Ptolemaeo
240 1749 276 1804 2,
299 1753 333 1814 9.
359 1737 489 1797 videtur
514 1738 601 1800 idem
630 1737 735 1801 dictur
765 1737 862 1798 etiam
886 1733 946 1800 offe
967 1745 1081 1815 portans
1169 1807 1173 1818 Ι

51 1829 139 1902 Itius.
164 1835 213 1894 uti
232 1835 278 1898 est
293 1837 377 1918 apud
393 1837 454 1902 lui.
470 1836 558 1902 Caci.
574 1839 613 1901 da
627 1837 665 1900 B.
677 1837 717 1901 G.
733 1849 767 1916 5.
786 1849 819 1916 5.
836 1837 881 1900 in.
908 1835 965 1898 ubi
980 1833 1080 1896 Metr-

50 1929 172 2010 phraiica
186 1955 290 2018 prave
306 1937 445 2000 reddidit
458 1929 589 2014 Ἰκτιος.
628 1939 741 2002 Strabo
757 1947 792 2018 4.
808 1959 840 2022 p.
863 1949 942 2018 133.
957 1933 979 1999 i.
996 1951 1078 2016 199.

53 2045 132 2092 rocrt
152 2039 252 2098 etiam
266 2029 388 2108 Ἰτιον,
422 2060 501 2122 quaa
525 2041 657 2104 varietaa
679 2061 720 2104 ex
741 2037 917 2124 promiscua
938 2055 1081 2121 pronun·

54 2129 140 2194 tirndi
158 2137 286 2201 ratione
302 2141 425 2202 reddita
445 2141 496 2206 cst.
549 2143 598 2206 Ex
616 2160 656 2204 oo
671 2155 766 2224 portu
784 2138 906 2204 totviffe
924 2139 987 2204 lul.
1001 2138 1080 2202 Cra·

56 2227 137 2296 inem
152 2237 275 2300 indicat
291 2241 379 2302 iocur
394 2255 533 2312 notatur.
550 2257 583 2306 et
598 2243 887 2306 coufirnratStrrbo
897 2259 924 2303 c.
939 2241 962 2304 1.
978 2239 1082 2302 Mori·

56 2351 117 2394 unm
135 2353 261 2416 portum
281 2343 416 2406 omnino
432 2359 525 2406 vocat
541 2345 624 2408 Flor.
642 2357 674 2424 5.
696 2363 750 2414 to.
772 2345 827 2408 16.
866 2343 981 2424 Neque
999 2357 1078 2404 varo

57 2431 83 2493 id
96 2447 214 2501 tantum
237 2439 347 2506 suadet
367 2445 502 2515 vicinia.
530 2445 579 2508 iod
601 2459 634 2508 ot
654 2445 786 2509 variatio
807 2457 990 2513 auctorum,
1021 2439 1080 2522 qui

56 2531 142 2598 Itium
163 2543 265 2605 modo
288 2549 565 2626 promontorium,
599 2547 699 2608 modo
728 2559 857 2631 portum
880 2557 1013 2613 vocant.
1046 2553 1080 2602 at

59 2639 131 2712 quod
146 2639 304 2705 Claudiua
319 2646 491 2730 imperatur
506 2670 522 2710 a
538 2645 704 2710 Gesoriaco
720 2649 753 2710 in
769 2647 964 2710 Britanniam
981 2659 1079 2706 trano·

61 2737 138 2810 mitit,
153 2759 281 2806 auctore
292 2745 447 2812 Suetonio
464 2769 529 2832 cap.
545 2765 600 2826 17.
641 2749 704 2811 Sad
722 2749 752 2810 id
771 2749 914 2832 pluribur
930 2747 1081 2808 evincere

61 2833 163 2902 studuit
176 2843 349 2911 Clurarino
366 2851 400 2910 in
417 2849 524 2912 Germ.
541 2863 606 2912 ant.
622 2867 655 2922 a,
673 2863 729 2928 28.
749 2872 779 2935 p.
792 2861 878 2930 442.
913 2845 963 2912 ef.
979 2847 1079 2910 otiam

61 2935 189 3006 Sommcr
202 2947 237 3010 in
251 2947 374 3012 trcatiie
390 2949 428 3012 oi
443 2951 497 3012 the
513 2952 638 3014 Roman
653 2967 742 3034 porta
765 2953 826 3014 and
843 2949 921 3014 forta
942 2951 976 3010 in
992 2949 1081 3014 liant

63 3055 117 3120 “1³-
136 3053 168 3118 6.
219 3048 298 3111 Non
319 3051 401 3114 male
421 3052 587 3114 arbitratur
606 3053 764 3116 d’Anviiie
781 3076 813 3137 p.
832 3063 914 3134 354.
936 3049 1080 3114 eundem

65 3139 113 3202 aiio
134 3155 284 3226 portum.¹
314 3153 438 3236 inquo
464 3153 607 3238 Caligula
635 3152 692 3218 icc.
719 3155 911 3216 Suetonium
934 3169 1001 3234 cap.
1017 3147 1080 3230 46.

65 3239 224 3312 altiiirrnam
247 3254 359 3315 turrim
381 3256 548 3326 excitarit.
574 3275 612 3317 ex
627 3275 704 3337 qua.
731 3270 767 3317 ut
785 3254 953 3324 exPharo‚
978 3249 1082 3312 nocti·

67 3335 116 3406 bur
136 3349 171 3408 ad
194 3353 352 3438 regendos
378 3359 510 3420 narium
538 3354 642 3420 corint
674 3357 763 3440 ignea
787 3358 976 3424 emicarent,
1007 3351 1081 3433 quir

67 3461 122 3504 non
142 3447 239 3516 solum
261 3457 392 3521 ineunta
409 3455 482 3521 iaec.
506 3473 561 3532 17.
580 3457 623 3518 ibi
640 3453 717 3531 init,
743 3457 794 3520 sed
810 3470 842 3520 et
856 3453 969 3518 diserta
984 3453 1082 3536 Egin·

71 3539 159 3613 brrtur
172 3555 203 3616 in
225 3558 293 3618 vita
310 3557 415 3623 Caroli
432 3557 551 3622 scribit:
577 3558 622 3620 ad
638 3559 862 3641 trovigantiunr
878 3545 986 3646 cursus
1005 3551 1082 3615 diri·

71 3649 170 3723 imdos
189 3657 371 3741 (Pharum)
392 3661 571 3744 critiquitus
588 3657 792 3753 constitutam
811 3657 985 3740 reparavit.
1018 3655 1082 3718 Do·

72 3747 137 3825 Picta
150 3757 336 3842 conspicitur
352 3762 404 3824 ilia
415 3761 536 3827 Pharna
550 3762 584 3824 in
594 3759 806 3825 Montiaucon
820 3757 1021 3844 suppliment
1030 3787 1084 3807 -

72 3845 104 3910 da
120 3852 284 3941 l'antiquiti
305 3863 472 3948 expliquie
492 3863 532 3927 T.
550 3871 585 3946 4.
607 3862 670 3925 tab.
689 3875 749 3941 50.
801 3861 894 3924 Idam
912 3879 991 3924 voro
1011 3877 1084 3943 por·

75 3957 115 4012 tur
124 3953 296 4028 Gesoriacur
310 3964 509 4029 Constantini
524 3976 624 4027 rottto
637 3962 802 4026 Bononiae
817 3981 938 4028 nomon
954 3963 1083 4046 accepit,

74 4061 100 4112 rt
116 4055 146 4118 in
166 4067 342 4134 auctoribus
366 4067 486 4144 tonuit,
518 4067 578 4152 qui
601 4061 712 4152 paffim
731 4083 807 4132 oum
830 4067 873 4132 itr
889 4081 1085 4130 commemo·
