<?xml version="1.0" encoding="UTF-8"?>
<!DOCTYPE html PUBLIC "-//W3C//DTD XHTML 1.0 Transitional//EN"
    "http://www.w3.org/TR/xhtml1/DTD/xhtml1-transitional.dtd">
<html xmlns="http://www.w3.org/1999/xhtml" xml:lang="en" lang="en">
 <head>
  <title>
</title>
<meta http-equiv="Content-Type" content="text/html;charset=utf-8" />
  <meta name='ocr-system' content='tesseract 3.04.00' />
  <meta name='ocr-capabilities' content='ocr_page ocr_carea ocr_par ocr_line ocrx_word'/>
</head>
<body>
  <div class='ocr_page' id='page_1' title='image "./pomponiimelaede03melagoog_0411.png"; bbox 0 0 2746 4894; ppageno 0'>
   <div class='ocr_carea' id='block_1_1' title="bbox 193 457 1112 544">
    <p class='ocr_par' dir='ltr' id='par_1_1' title="bbox 193 457 1112 544">
     <span class='ocr_line' id='line_1_1' title="bbox 193 457 1112 544; baseline 0.009 -26"><span class='ocrx_word' id='word_1_1' title='bbox 193 462 247 522; x_wconf 77' lang='lat' dir='ltr'>ru</span> <span class='ocrx_word' id='word_1_2' title='bbox 275 462 413 521; x_wconf 78' lang='lat' dir='ltr'><strong>roua.</strong></span> <span class='ocrx_word' id='word_1_3' title='bbox 443 457 552 520; x_wconf 78' lang='lat' dir='ltr'>Mat.</span> <span class='ocrx_word' id='word_1_4' title='bbox 593 463 629 520; x_wconf 83' lang='lat' dir='ltr'>L.</span> <span class='ocrx_word' id='word_1_5' title='bbox 650 463 704 518; x_wconf 88' lang='lat'>111.</span> <span class='ocrx_word' id='word_1_6' title='bbox 748 459 854 520; x_wconf 76' lang='lat' dir='ltr'><strong>orx.</strong></span> <span class='ocrx_word' id='word_1_7' title='bbox 896 465 922 535; x_wconf 72' lang='lat' dir='ltr'>r.</span> <span class='ocrx_word' id='word_1_8' title='bbox 945 485 975 541; x_wconf 83' lang='lat'>9.</span> <span class='ocrx_word' id='word_1_9' title='bbox 1049 475 1112 544; x_wconf 75' lang='lat'>4⁰5</span> 
     </span>
    </p>
   </div>
   <div class='ocr_carea' id='block_1_2' title="bbox 53 632 1108 926">
    <p class='ocr_par' dir='ltr' id='par_1_2' title="bbox 53 632 1108 926">
     <span class='ocr_line' id='line_1_2' title="bbox 55 632 1106 726; baseline 0.007 -29"><span class='ocrx_word' id='word_1_10' title='bbox 55 633 185 699; x_wconf 76' lang='lat' dir='ltr'>scilicet</span> <span class='ocrx_word' id='word_1_11' title='bbox 214 657 232 698; x_wconf 92' lang='lat' dir='ltr'>a</span> <span class='ocrx_word' id='word_1_12' title='bbox 257 639 500 720; x_wconf 89' lang='lat' dir='ltr'><strong>promontorio,</strong></span> <span class='ocrx_word' id='word_1_13' title='bbox 538 635 625 719; x_wconf 87' lang='lat' dir='ltr'><strong>quod</strong></span> <span class='ocrx_word' id='word_1_14' title='bbox 656 632 815 724; x_wconf 76' lang='grc' dir='ltr'>Ἑσπέρου</span> <span class='ocrx_word' id='word_1_15' title='bbox 849 633 946 726; x_wconf 72' lang='grc' dir='ltr'><strong><em>κέρας</em></strong></span> <span class='ocrx_word' id='word_1_16' title='bbox 979 641 1106 718; x_wconf 83' lang='lat' dir='ltr'><strong>dicitur,</strong></span> 
     </span>
     <span class='ocr_line' id='line_1_3' title="bbox 53 736 1105 828; baseline 0.01 -29"><span class='ocrx_word' id='word_1_17' title='bbox 53 736 207 801; x_wconf 79' lang='lat' dir='ltr'>frontem</span> <span class='ocrx_word' id='word_1_18' title='bbox 241 741 381 822; x_wconf 80' lang='lat' dir='ltr'>incipere</span> <span class='ocrx_word' id='word_1_19' title='bbox 416 738 537 810; x_wconf 77' lang='lat' dir='ltr'>scribit,</span> <span class='ocrx_word' id='word_1_20' title='bbox 575 757 654 820; x_wconf 82' lang='lat' dir='ltr'>quae</span> <span class='ocrx_word' id='word_1_21' title='bbox 685 741 720 800; x_wconf 92' lang='lat' dir='ltr'>in</span> <span class='ocrx_word' id='word_1_22' title='bbox 752 739 950 802; x_wconf 85' lang='lat' dir='ltr'><strong>occidentem</strong></span> <span class='ocrx_word' id='word_1_23' title='bbox 986 759 1105 828; x_wconf 82' lang='lat' dir='ltr'>vergat.</span> 
     </span>
     <span class='ocr_line' id='line_1_4' title="bbox 54 839 1108 926; baseline 0.006 -24"><span class='ocrx_word' id='word_1_24' title='bbox 54 839 184 926; x_wconf 61' lang='lat' dir='ltr'><strong>igitur*</strong></span> <span class='ocrx_word' id='word_1_25' title='bbox 194 861 266 904; x_wconf 90' lang='lat' dir='ltr'>orae</span> <span class='ocrx_word' id='word_1_26' title='bbox 293 841 415 917; x_wconf 79' lang='lat' dir='ltr'>Africae</span> <span class='ocrx_word' id='word_1_27' title='bbox 441 841 642 902; x_wconf 77' lang='lat' dir='ltr'><strong>meridionali</strong></span> <span class='ocrx_word' id='word_1_28' title='bbox 669 841 819 923; x_wconf 79' lang='lat' dir='ltr'><strong>adponit,</strong></span> <span class='ocrx_word' id='word_1_29' title='bbox 854 861 927 903; x_wconf 89' lang='lat' dir='ltr'>cum</span> <span class='ocrx_word' id='word_1_30' title='bbox 949 844 1001 904; x_wconf 87' lang='lat' dir='ltr'>alii</span> <span class='ocrx_word' id='word_1_31' title='bbox 1025 849 1108 908; x_wconf 86' lang='lat' dir='ltr'><strong>occi·</strong></span> 
     </span>
    </p>
   </div>
   <div class='ocr_carea' id='block_1_3' title="bbox 55 942 1203 1024">
    <p class='ocr_par' dir='ltr' id='par_1_3' title="bbox 55 942 1203 1024">
     <span class='ocr_line' id='line_1_5' title="bbox 55 942 1203 1024; baseline 0.007 -21"><span class='ocrx_word' id='word_1_32' title='bbox 55 942 187 1004; x_wconf 86' lang='lat' dir='ltr'>dentali</span> <span class='ocrx_word' id='word_1_33' title='bbox 205 943 555 1024; x_wconf 81' lang='lat' dir='ltr'>obpolitasollondant.</span> <span class='ocrx_word' id='word_1_34' title='bbox 574 961 778 1004; x_wconf 78' lang='lat' dir='ltr'>azacuvcrra.</span> <span class='ocrx_word' id='word_1_35' title='bbox 813 945 901 1003; x_wconf 83' lang='lat' dir='ltr'>Dum</span> <span class='ocrx_word' id='word_1_36' title='bbox 916 964 983 1007; x_wconf 89' lang='lat' dir='ltr'>non</span> <span class='ocrx_word' id='word_1_37' title='bbox 1001 965 1106 1010; x_wconf 90' lang='lat' dir='ltr'>unum</span> <span class='ocrx_word' id='word_1_38' title='bbox 1194 953 1203 970; x_wconf 55' lang='lat'>⁸</span> 
     </span>
    </p>
   </div>
   <div class='ocr_carea' id='block_1_4' title="bbox 54 1041 1160 2346">
    <p class='ocr_par' dir='ltr' id='par_1_4' title="bbox 54 1041 1160 2346">
     <span class='ocr_line' id='line_1_6' title="bbox 54 1041 1106 1126; baseline 0.006 -21"><span class='ocrx_word' id='word_1_39' title='bbox 54 1057 192 1106; x_wconf 80' lang='lat' dir='ltr'>tanturn</span> <span class='ocrx_word' id='word_1_40' title='bbox 216 1047 428 1116; x_wconf 82' lang='lat' dir='ltr'>Hannonem,</span> <span class='ocrx_word' id='word_1_41' title='bbox 464 1043 515 1106; x_wconf 88' lang='lat' dir='ltr'><strong>led</strong></span> <span class='ocrx_word' id='word_1_42' title='bbox 538 1045 615 1106; x_wconf 81' lang='lat' dir='ltr'>alioa</span> <span class='ocrx_word' id='word_1_43' title='bbox 637 1063 764 1126; x_wconf 87' lang='lat' dir='ltr'>quoque</span> <span class='ocrx_word' id='word_1_44' title='bbox 790 1041 930 1126; x_wconf 85' lang='lat' dir='ltr'><strong>sequitur</strong></span> <span class='ocrx_word' id='word_1_45' title='bbox 950 1061 1106 1122; x_wconf 79' lang='lat' dir='ltr'>auctores,</span> 
     </span>
     <span class='ocr_line' id='line_1_7' title="bbox 54 1143 1107 1231; baseline 0.005 -24"><span class='ocrx_word' id='word_1_46' title='bbox 54 1149 184 1208; x_wconf 76' lang='lat' dir='ltr'><strong>iterum</strong></span> <span class='ocrx_word' id='word_1_47' title='bbox 209 1161 328 1230; x_wconf 82' lang='lat' dir='ltr'>peccat.</span> <span class='ocrx_word' id='word_1_48' title='bbox 381 1146 469 1209; x_wconf 83' lang='lat' dir='ltr'><strong>Olim</strong></span> <span class='ocrx_word' id='word_1_49' title='bbox 497 1164 550 1207; x_wconf 89' lang='lat' dir='ltr'>ora</span> <span class='ocrx_word' id='word_1_50' title='bbox 583 1143 703 1209; x_wconf 75' lang='lat' dir='ltr'>Africae</span> <span class='ocrx_word' id='word_1_51' title='bbox 729 1147 900 1217; x_wconf 79' lang='lat' dir='ltr'>Atlantica,</span> <span class='ocrx_word' id='word_1_52' title='bbox 938 1162 1107 1231; x_wconf 80' lang='lat' dir='ltr'>autequam</span> 
     </span>
     <span class='ocr_line' id='line_1_8' title="bbox 55 1249 1106 1331; baseline 0.005 -21"><span class='ocrx_word' id='word_1_53' title='bbox 55 1268 153 1310; x_wconf 84' lang='lat' dir='ltr'>arma</span> <span class='ocrx_word' id='word_1_54' title='bbox 175 1249 399 1312; x_wconf 82' lang='lat' dir='ltr'><strong>Romanorum</strong></span> <span class='ocrx_word' id='word_1_55' title='bbox 419 1267 458 1312; x_wconf 83' lang='lat' dir='ltr'>eo</span> <span class='ocrx_word' id='word_1_56' title='bbox 482 1249 705 1331; x_wconf 85' lang='lat' dir='ltr'>pervenirent,</span> <span class='ocrx_word' id='word_1_57' title='bbox 732 1269 770 1309; x_wconf 83' lang='lat' dir='ltr'>ex</span> <span class='ocrx_word' id='word_1_58' title='bbox 792 1267 859 1310; x_wconf 92' lang='lat' dir='ltr'>uno</span> <span class='ocrx_word' id='word_1_59' title='bbox 881 1263 1005 1312; x_wconf 84' lang='lat' dir='ltr'><strong>tamum</strong></span> <span class='ocrx_word' id='word_1_60' title='bbox 1027 1265 1106 1315; x_wconf 85' lang='lat' dir='ltr'>nota</span> 
     </span>
     <span class='ocr_line' id='line_1_9' title="bbox 56 1347 1106 1431; baseline 0.004 -21"><span class='ocrx_word' id='word_1_61' title='bbox 56 1347 131 1411; x_wconf 82' lang='lat' dir='ltr'>fuit</span> <span class='ocrx_word' id='word_1_62' title='bbox 155 1351 326 1414; x_wconf 81' lang='lat' dir='ltr'>Hannone.</span> <span class='ocrx_word' id='word_1_63' title='bbox 381 1352 413 1412; x_wconf 86' lang='grc'><strong>19</strong></span> <span class='ocrx_word' id='word_1_64' title='bbox 436 1368 515 1412; x_wconf 85' lang='lat' dir='ltr'><strong>vero</strong></span> <span class='ocrx_word' id='word_1_65' title='bbox 541 1347 693 1422; x_wconf 83' lang='lat' dir='ltr'>insulam,</span> <span class='ocrx_word' id='word_1_66' title='bbox 727 1351 760 1410; x_wconf 89' lang='lat' dir='ltr'>in</span> <span class='ocrx_word' id='word_1_67' title='bbox 787 1370 847 1430; x_wconf 89' lang='lat' dir='ltr'>qua</span> <span class='ocrx_word' id='word_1_68' title='bbox 875 1351 1029 1431; x_wconf 82' lang='lat' dir='ltr'><strong>Gorgides</strong></span> <span class='ocrx_word' id='word_1_69' title='bbox 1053 1355 1106 1416; x_wconf 82' lang='lat' dir='ltr'>vel</span> 
     </span>
     <span class='ocr_line' id='line_1_10' title="bbox 60 1449 1106 1538; baseline 0.002 -24"><span class='ocrx_word' id='word_1_70' title='bbox 60 1451 232 1532; x_wconf 80' lang='lat' dir='ltr'>Gorgones</span> <span class='ocrx_word' id='word_1_71' title='bbox 251 1452 349 1515; x_wconf 71' lang='lat' dir='ltr'>allent</span> <span class='ocrx_word' id='word_1_72' title='bbox 372 1449 527 1522; x_wconf 79' lang='lat' dir='ltr'>feminae,</span> <span class='ocrx_word' id='word_1_73' title='bbox 560 1452 657 1512; x_wconf 86' lang='lat' dir='ltr'><strong>tridui</strong></span> <span class='ocrx_word' id='word_1_74' title='bbox 682 1451 885 1538; x_wconf 85' lang='lat' dir='ltr'>navigatione</span> <span class='ocrx_word' id='word_1_75' title='bbox 914 1453 994 1514; x_wconf 82' lang='lat' dir='ltr'>ultra</span> <span class='ocrx_word' id='word_1_76' title='bbox 1019 1453 1106 1519; x_wconf 79' lang='grc' dir='ltr'><em>θεῶν</em></span> 
     </span>
     <span class='ocr_line' id='line_1_11' title="bbox 59 1543 1108 1643; baseline 0.003 -29"><span class='ocrx_word' id='word_1_77' title='bbox 59 1545 186 1640; x_wconf 80' lang='grc' dir='ltr'><strong>ὄχημα</strong></span> <span class='ocrx_word' id='word_1_78' title='bbox 207 1554 352 1618; x_wconf 85' lang='lat' dir='ltr'>collocat.</span> <span class='ocrx_word' id='word_1_79' title='bbox 402 1554 464 1614; x_wconf 89' lang='lat' dir='ltr'>Hic</span> <span class='ocrx_word' id='word_1_80' title='bbox 487 1572 563 1614; x_wconf 85' lang='lat' dir='ltr'><strong>vero</strong></span> <span class='ocrx_word' id='word_1_81' title='bbox 584 1574 641 1636; x_wconf 90' lang='lat' dir='ltr'>per</span> <span class='ocrx_word' id='word_1_82' title='bbox 659 1553 839 1634; x_wconf 80' lang='lat' dir='ltr'>Gorgonum</span> <span class='ocrx_word' id='word_1_83' title='bbox 858 1543 993 1643; x_wconf 81' lang='lat' dir='ltr'>insulam</span> <span class='ocrx_word' id='word_1_84' title='bbox 1015 1557 1108 1618; x_wconf 79' lang='lat' dir='ltr'>inrel-</span> 
     </span>
     <span class='ocr_line' id='line_1_12' title="bbox 58 1655 1107 1738; baseline 0.004 -24"><span class='ocrx_word' id='word_1_85' title='bbox 58 1655 200 1738; x_wconf 83' lang='lat' dir='ltr'>ligenda</span> <span class='ocrx_word' id='word_1_86' title='bbox 215 1655 257 1717; x_wconf 82' lang='lat' dir='ltr'>eli</span> <span class='ocrx_word' id='word_1_87' title='bbox 277 1656 394 1727; x_wconf 84' lang='lat' dir='ltr'>Cerne,·</span> <span class='ocrx_word' id='word_1_88' title='bbox 419 1656 544 1716; x_wconf 89' lang='lat' dir='ltr'>namin</span> <span class='ocrx_word' id='word_1_89' title='bbox 565 1655 624 1716; x_wconf 89' lang='lat' dir='ltr'>hac</span> <span class='ocrx_word' id='word_1_90' title='bbox 642 1655 808 1738; x_wconf 78' lang='lat' dir='ltr'>Gorgoneo</span> <span class='ocrx_word' id='word_1_91' title='bbox 828 1655 993 1728; x_wconf 83' lang='lat' dir='ltr'>habitaffe,</span> <span class='ocrx_word' id='word_1_92' title='bbox 1019 1671 1107 1720; x_wconf 84' lang='lat' dir='ltr'><strong>retu·</strong></span> 
     </span>
     <span class='ocr_line' id='line_1_13' title="bbox 58 1749 1105 1846; baseline 0.001 -29"><span class='ocrx_word' id='word_1_93' title='bbox 58 1755 132 1819; x_wconf 86' lang='lat' dir='ltr'>lere</span> <span class='ocrx_word' id='word_1_94' title='bbox 151 1757 375 1839; x_wconf 78' lang='lat' dir='ltr'><strong>Palaephatus,</strong></span> <span class='ocrx_word' id='word_1_95' title='bbox 398 1749 486 1842; x_wconf 90' lang='lat' dir='ltr'>[cap.</span> <span class='ocrx_word' id='word_1_96' title='bbox 505 1749 586 1841; x_wconf 73' lang='grc'>39]</span> <span class='ocrx_word' id='word_1_97' title='bbox 620 1757 783 1819; x_wconf 76' lang='lat' dir='ltr'><strong>Diodorus</strong></span> <span class='ocrx_word' id='word_1_98' title='bbox 807 1751 861 1843; x_wconf 80' lang='lat'>[5.</span> <span class='ocrx_word' id='word_1_99' title='bbox 880 1755 960 1846; x_wconf 58' lang='lat'>54]</span> <span class='ocrx_word' id='word_1_100' title='bbox 983 1771 1015 1821; x_wconf 87' lang='lat' dir='ltr'>et</span> <span class='ocrx_word' id='word_1_101' title='bbox 1034 1761 1105 1833; x_wconf 88' lang='lat' dir='ltr'>alii;</span> 
     </span>
     <span class='ocr_line' id='line_1_14' title="bbox 59 1850 1105 1946; baseline 0.002 -26"><span class='ocrx_word' id='word_1_102' title='bbox 59 1855 304 1920; x_wconf 75' lang='lat' dir='ltr'>confundentes</span> <span class='ocrx_word' id='word_1_103' title='bbox 330 1878 400 1921; x_wconf 83' lang='lat' dir='ltr'>eam</span> <span class='ocrx_word' id='word_1_104' title='bbox 429 1878 503 1919; x_wconf 86' lang='lat' dir='ltr'>oum</span> <span class='ocrx_word' id='word_1_105' title='bbox 531 1877 605 1919; x_wconf 85' lang='lat' dir='ltr'>vera</span> <span class='ocrx_word' id='word_1_106' title='bbox 634 1857 814 1938; x_wconf 79' lang='lat' dir='ltr'>Gorgonum</span> <span class='ocrx_word' id='word_1_107' title='bbox 850 1850 970 1946; x_wconf 78' lang='lat' dir='ltr'>insula,</span> <span class='ocrx_word' id='word_1_108' title='bbox 1008 1881 1105 1942; x_wconf 87' lang='lat' dir='ltr'>quam</span> 
     </span>
     <span class='ocr_line' id='line_1_15' title="bbox 57 1957 1105 2046; baseline 0.002 -26"><span class='ocrx_word' id='word_1_109' title='bbox 57 1961 172 2021; x_wconf 85' lang='lat' dir='ltr'><strong>multo</strong></span> <span class='ocrx_word' id='word_1_110' title='bbox 187 1959 246 2023; x_wconf 84' lang='lat' dir='ltr'>elle</span> <span class='ocrx_word' id='word_1_111' title='bbox 267 1961 472 2022; x_wconf 80' lang='lat' dir='ltr'><strong>remotiorem</strong></span> <span class='ocrx_word' id='word_1_112' title='bbox 491 1957 653 2020; x_wconf 84' lang='lat' dir='ltr'>maniielle</span> <span class='ocrx_word' id='word_1_113' title='bbox 676 1979 716 2021; x_wconf 85' lang='lat' dir='ltr'>ex</span> <span class='ocrx_word' id='word_1_114' title='bbox 738 1959 805 2042; x_wconf 84' lang='lat' dir='ltr'>ipso</span> <span class='ocrx_word' id='word_1_115' title='bbox 822 1961 980 2022; x_wconf 85' lang='lat' dir='ltr'>Hannone</span> <span class='ocrx_word' id='word_1_116' title='bbox 996 1963 1105 2046; x_wconf 84' lang='lat' dir='ltr'>colligi</span> 
     </span>
     <span class='ocr_line' id='line_1_16' title="bbox 57 2059 1106 2145; baseline 0.001 -21"><span class='ocrx_word' id='word_1_117' title='bbox 57 2061 180 2145; x_wconf 79' lang='lat' dir='ltr'>potell.</span> <span class='ocrx_word' id='word_1_118' title='bbox 235 2061 333 2124; x_wconf 85' lang='lat' dir='ltr'>Cerne</span> <span class='ocrx_word' id='word_1_119' title='bbox 349 2082 425 2123; x_wconf 85' lang='lat' dir='ltr'><strong>vero</strong></span> <span class='ocrx_word' id='word_1_120' title='bbox 446 2059 545 2122; x_wconf 89' lang='lat' dir='ltr'><strong>hodie</strong></span> <span class='ocrx_word' id='word_1_121' title='bbox 561 2061 603 2122; x_wconf 84' lang='lat' dir='ltr'>ell</span> <span class='ocrx_word' id='word_1_122' title='bbox 621 2063 740 2141; x_wconf 83' lang='lat' dir='ltr'>Arguin</span> <span class='ocrx_word' id='word_1_123' title='bbox 759 2060 857 2121; x_wconf 81' lang='lat' dir='ltr'>insula</span> <span class='ocrx_word' id='word_1_124' title='bbox 880 2062 1023 2125; x_wconf 77' lang='lat' dir='ltr'><strong>dulcibus</strong></span> <span class='ocrx_word' id='word_1_125' title='bbox 1047 2062 1106 2125; x_wconf 85' lang='lat' dir='ltr'>[ca-</span> 
     </span>
     <span class='ocr_line' id='line_1_17' title="bbox 57 2162 1107 2247; baseline 0.005 -24"><span class='ocrx_word' id='word_1_126' title='bbox 57 2175 136 2226; x_wconf 79' lang='lat' dir='ltr'>rena</span> <span class='ocrx_word' id='word_1_127' title='bbox 161 2165 265 2244; x_wconf 82' lang='lat' dir='ltr'>aquia,</span> <span class='ocrx_word' id='word_1_128' title='bbox 300 2165 337 2224; x_wconf 86' lang='lat' dir='ltr'>ad</span> <span class='ocrx_word' id='word_1_129' title='bbox 361 2163 550 2225; x_wconf 86' lang='lat' dir='ltr'>commercia</span> <span class='ocrx_word' id='word_1_130' title='bbox 571 2183 642 2222; x_wconf 88' lang='lat' dir='ltr'>cum</span> <span class='ocrx_word' id='word_1_131' title='bbox 658 2162 869 2247; x_wconf 75' lang='lat' dir='ltr'>Aethiopibus</span> <span class='ocrx_word' id='word_1_132' title='bbox 894 2165 986 2226; x_wconf 87' lang='lat' dir='ltr'>valde</span> <span class='ocrx_word' id='word_1_133' title='bbox 1009 2183 1107 2247; x_wconf 92' lang='lat' dir='ltr'>appo·</span> 
     </span>
     <span class='ocr_line' id='line_1_18' title="bbox 60 2253 1160 2346; baseline 0.005 -23"><span class='ocrx_word' id='word_1_134' title='bbox 60 2265 136 2337; x_wconf 78' lang='lat' dir='ltr'>lita,</span> <span class='ocrx_word' id='word_1_135' title='bbox 163 2285 199 2326; x_wconf 86' lang='lat' dir='ltr'>ac</span> <span class='ocrx_word' id='word_1_136' title='bbox 215 2266 257 2326; x_wconf 92' lang='lat' dir='ltr'>ob</span> <span class='ocrx_word' id='word_1_137' title='bbox 271 2265 333 2327; x_wconf 85' lang='lat' dir='ltr'>boc</span> <span class='ocrx_word' id='word_1_138' title='bbox 347 2263 449 2346; x_wconf 83' lang='lat' dir='ltr'>ipsum</span> <span class='ocrx_word' id='word_1_139' title='bbox 465 2285 484 2326; x_wconf 91' lang='lat' dir='ltr'>a</span> <span class='ocrx_word' id='word_1_140' title='bbox 500 2265 653 2326; x_wconf 84' lang='lat' dir='ltr'>Lulitanis</span> <span class='ocrx_word' id='word_1_141' title='bbox 675 2267 908 2328; x_wconf 80' lang='lat' dir='ltr'>commendata.</span> <span class='ocrx_word' id='word_1_142' title='bbox 935 2286 1078 2329; x_wconf 83' lang='lat' dir='ltr'>voserva.</span> <span class='ocrx_word' id='word_1_143' title='bbox 1157 2253 1160 2268; x_wconf 78' lang='lat'>&#39;</span> 
     </span>
    </p>
   </div>
   <div class='ocr_carea' id='block_1_5' title="bbox 59 2415 1155 3720">
    <p class='ocr_par' dir='ltr' id='par_1_5' title="bbox 59 2415 1155 3720">
     <span class='ocr_line' id='line_1_19' title="bbox 143 2415 1155 2499; baseline 0.004 -21"><span class='ocrx_word' id='word_1_144' title='bbox 143 2415 382 2499; x_wconf 79' lang='lat' dir='ltr'>Gorgones)</span> <span class='ocrx_word' id='word_1_145' title='bbox 431 2415 581 2479; x_wconf 88' lang='lat' dir='ltr'>Fabulam</span> <span class='ocrx_word' id='word_1_146' title='bbox 600 2417 639 2477; x_wconf 88' lang='lat' dir='ltr'><strong>de</strong></span> <span class='ocrx_word' id='word_1_147' title='bbox 657 2417 696 2478; x_wconf 82' lang='lat' dir='ltr'>iia</span> <span class='ocrx_word' id='word_1_148' title='bbox 715 2417 835 2498; x_wconf 79' lang='lat' dir='ltr'><strong>primur</strong></span> <span class='ocrx_word' id='word_1_149' title='bbox 856 2415 979 2478; x_wconf 83' lang='lat' dir='ltr'>effinxit</span> <span class='ocrx_word' id='word_1_150' title='bbox 996 2419 1105 2482; x_wconf 83' lang='lat' dir='ltr'><strong>Helio·</strong></span> <span class='ocrx_word' id='word_1_151' title='bbox 1153 2419 1155 2424; x_wconf 72' lang='grc'>’</span> 
     </span>
     <span class='ocr_line' id='line_1_20' title="bbox 59 2512 1102 2604; baseline 0.004 -22"><span class='ocrx_word' id='word_1_152' title='bbox 59 2519 136 2592; x_wconf 84' lang='lat' dir='ltr'><strong>dua,</strong></span> <span class='ocrx_word' id='word_1_153' title='bbox 160 2516 257 2602; x_wconf 82' lang='lat' dir='ltr'><strong>(scut.</strong></span> <span class='ocrx_word' id='word_1_154' title='bbox 275 2519 369 2583; x_wconf 84' lang='lat' dir='ltr'><strong>Herc.</strong></span> <span class='ocrx_word' id='word_1_155' title='bbox 385 2539 418 2582; x_wconf 90' lang='lat' dir='ltr'>v.</span> <span class='ocrx_word' id='word_1_156' title='bbox 431 2533 503 2599; x_wconf 74' lang='lat'>225</span> <span class='ocrx_word' id='word_1_157' title='bbox 515 2515 598 2602; x_wconf 82' lang='lat' dir='ltr'><strong>sqq.)</strong></span> <span class='ocrx_word' id='word_1_158' title='bbox 624 2519 695 2600; x_wconf 89' lang='lat' dir='ltr'>quia</span> <span class='ocrx_word' id='word_1_159' title='bbox 711 2519 845 2581; x_wconf 89' lang='lat' dir='ltr'><strong>Homeri</strong></span> <span class='ocrx_word' id='word_1_160' title='bbox 860 2512 976 2604; x_wconf 73' lang='grc' dir='ltr'>Γοργὼ</span> <span class='ocrx_word' id='word_1_161' title='bbox 993 2519 1102 2600; x_wconf 85' lang='lat' dir='ltr'><strong>Odyll&#39;.</strong></span> 
     </span>
     <span class='ocr_line' id='line_1_21' title="bbox 65 2618 1105 2704; baseline 0.002 -21"><span class='ocrx_word' id='word_1_162' title='bbox 65 2642 126 2684; x_wconf 83' lang='lat' dir='ltr'>ar.</span> <span class='ocrx_word' id='word_1_163' title='bbox 143 2618 166 2684; x_wconf 80' lang='lat' dir='ltr'>f.</span> <span class='ocrx_word' id='word_1_164' title='bbox 186 2619 249 2683; x_wconf 90' lang='lat' dir='ltr'>alio</span> <span class='ocrx_word' id='word_1_165' title='bbox 271 2619 405 2704; x_wconf 69' lang='lat' dir='ltr'>spectat,</span> <span class='ocrx_word' id='word_1_166' title='bbox 437 2634 474 2680; x_wconf 86' lang='lat' dir='ltr'>ut</span> <span class='ocrx_word' id='word_1_167' title='bbox 495 2619 624 2703; x_wconf 86' lang='lat' dir='ltr'>operole</span> <span class='ocrx_word' id='word_1_168' title='bbox 645 2622 759 2682; x_wconf 90' lang='lat' dir='ltr'><strong>docere</strong></span> <span class='ocrx_word' id='word_1_169' title='bbox 779 2621 893 2682; x_wconf 84' lang='lat' dir='ltr'><strong>nititur</strong></span> <span class='ocrx_word' id='word_1_170' title='bbox 913 2622 1105 2686; x_wconf 84' lang='lat' dir='ltr'>Dodwellua</span> 
     </span>
     <span class='ocr_line' id='line_1_22' title="bbox 59 2721 1104 2807; baseline 0.002 -23"><span class='ocrx_word' id='word_1_171' title='bbox 59 2723 100 2784; x_wconf 91' lang='lat' dir='ltr'>in</span> <span class='ocrx_word' id='word_1_172' title='bbox 116 2721 234 2787; x_wconf 83' lang='lat' dir='ltr'><strong>differt.</strong></span> <span class='ocrx_word' id='word_1_173' title='bbox 250 2723 290 2785; x_wconf 90' lang='lat' dir='ltr'><strong>de</strong></span> <span class='ocrx_word' id='word_1_174' title='bbox 306 2723 420 2805; x_wconf 87' lang='lat' dir='ltr'>peripli</span> <span class='ocrx_word' id='word_1_175' title='bbox 438 2723 604 2784; x_wconf 74' lang='lat' dir='ltr'>Hannonis</span> <span class='ocrx_word' id='word_1_176' title='bbox 619 2737 719 2784; x_wconf 76' lang='lat' dir='ltr'>aelate</span> <span class='ocrx_word' id='word_1_177' title='bbox 737 2725 765 2802; x_wconf 86' lang='lat'>§.</span> <span class='ocrx_word' id='word_1_178' title='bbox 780 2737 812 2802; x_wconf 81' lang='lat'>5.</span> <span class='ocrx_word' id='word_1_179' title='bbox 830 2731 863 2804; x_wconf 75' lang='grc'>4.</span> <span class='ocrx_word' id='word_1_180' title='bbox 887 2721 940 2807; x_wconf 89' lang='lat' dir='ltr'>(in</span> <span class='ocrx_word' id='word_1_181' title='bbox 959 2723 1104 2786; x_wconf 88' lang='lat' dir='ltr'><strong>Hudloni</strong></span> 
     </span>
     <span class='ocr_line' id='line_1_23' title="bbox 61 2813 1131 2908; baseline 0.001 -21"><span class='ocrx_word' id='word_1_182' title='bbox 61 2825 186 2908; x_wconf 83' lang='lat' dir='ltr'><strong>Geogr.</strong></span> <span class='ocrx_word' id='word_1_183' title='bbox 204 2825 319 2886; x_wconf 89' lang='lat' dir='ltr'><strong>minor.</strong></span> <span class='ocrx_word' id='word_1_184' title='bbox 336 2823 407 2887; x_wconf 87' lang='lat' dir='ltr'><strong>Vol.</strong></span> <span class='ocrx_word' id='word_1_185' title='bbox 428 2844 458 2888; x_wconf 84' lang='grc'><strong>9.</strong></span> <span class='ocrx_word' id='word_1_186' title='bbox 472 2845 504 2906; x_wconf 85' lang='lat' dir='ltr'>p.</span> <span class='ocrx_word' id='word_1_187' title='bbox 516 2838 549 2885; x_wconf 91' lang='grc'><strong>9.</strong></span> <span class='ocrx_word' id='word_1_188' title='bbox 564 2819 608 2904; x_wconf 85' lang='lat' dir='ltr'>l.)</span> <span class='ocrx_word' id='word_1_189' title='bbox 642 2823 769 2895; x_wconf 82' lang='lat' dir='ltr'><strong>Sedem,</strong></span> <span class='ocrx_word' id='word_1_190' title='bbox 788 2825 873 2905; x_wconf 92' lang='lat' dir='ltr'><strong>quod</strong></span> <span class='ocrx_word' id='word_1_191' title='bbox 891 2825 990 2897; x_wconf 83' lang='lat' dir='ltr'><strong>addit,</strong></span> <span class='ocrx_word' id='word_1_192' title='bbox 1006 2827 1104 2908; x_wconf 87' lang='lat' dir='ltr'><strong>primi</strong></span> <span class='ocrx_word' id='word_1_193' title='bbox 1129 2813 1131 2820; x_wconf 52' lang='grc'>’</span> 
     </span>
     <span class='ocr_line' id='line_1_24' title="bbox 62 2921 1104 3009; baseline -0.004 -21"><span class='ocrx_word' id='word_1_194' title='bbox 62 2925 138 3009; x_wconf 85' lang='lat' dir='ltr'>post</span> <span class='ocrx_word' id='word_1_195' title='bbox 164 2925 341 2987; x_wconf 80' lang='lat' dir='ltr'>Hesiodum</span> <span class='ocrx_word' id='word_1_196' title='bbox 367 2927 401 2986; x_wconf 87' lang='lat' dir='ltr'>in</span> <span class='ocrx_word' id='word_1_197' title='bbox 426 2925 599 3004; x_wconf 83' lang='lat' dir='ltr'>Cyrenaica</span> <span class='ocrx_word' id='word_1_198' title='bbox 625 2921 758 2986; x_wconf 80' lang='lat' dir='ltr'>llaruere</span> <span class='ocrx_word' id='word_1_199' title='bbox 788 2927 954 2996; x_wconf 79' lang='lat' dir='ltr'><strong>videntur,</strong></span> <span class='ocrx_word' id='word_1_200' title='bbox 980 2930 1030 3005; x_wconf 89' lang='lat'>(§.</span> <span class='ocrx_word' id='word_1_201' title='bbox 1049 2931 1104 3006; x_wconf 87' lang='lat'>5.)</span> 
     </span>
     <span class='ocr_line' id='line_1_25' title="bbox 59 3023 1104 3110; baseline 0 -22"><span class='ocrx_word' id='word_1_202' title='bbox 59 3027 253 3110; x_wconf 84' lang='lat' dir='ltr'>polleriorea</span> <span class='ocrx_word' id='word_1_203' title='bbox 276 3027 310 3088; x_wconf 90' lang='lat' dir='ltr'>iu</span> <span class='ocrx_word' id='word_1_204' title='bbox 333 3023 415 3090; x_wconf 73' lang='lat' dir='ltr'>beto</span> <span class='ocrx_word' id='word_1_205' title='bbox 432 3027 605 3095; x_wconf 83' lang='lat' dir='ltr'>Gaditano,</span> <span class='ocrx_word' id='word_1_206' title='bbox 631 3039 668 3084; x_wconf 84' lang='lat' dir='ltr'>ut</span> <span class='ocrx_word' id='word_1_207' title='bbox 684 3023 890 3108; x_wconf 75' lang='lat' dir='ltr'>Palaephatus</span> <span class='ocrx_word' id='word_1_208' title='bbox 907 3047 974 3110; x_wconf 89' lang='lat' dir='ltr'>cap.</span> <span class='ocrx_word' id='word_1_209' title='bbox 994 3041 1053 3106; x_wconf 79' lang='lat'>32.</span> <span class='ocrx_word' id='word_1_210' title='bbox 1069 3028 1104 3089; x_wconf 91' lang='lat' dir='ltr'>in</span> 
     </span>
     <span class='ocr_line' id='line_1_26' title="bbox 60 3125 1105 3212; baseline 0 -20"><span class='ocrx_word' id='word_1_211' title='bbox 60 3129 186 3210; x_wconf 77' lang='lat' dir='ltr'><strong>Cyrno.</strong></span> <span class='ocrx_word' id='word_1_212' title='bbox 223 3130 310 3190; x_wconf 89' lang='lat' dir='ltr'>Tum</span> <span class='ocrx_word' id='word_1_213' title='bbox 332 3128 420 3212; x_wconf 87' lang='lat' dir='ltr'>plura</span> <span class='ocrx_word' id='word_1_214' title='bbox 440 3128 480 3191; x_wconf 90' lang='lat' dir='ltr'><strong>de</strong></span> <span class='ocrx_word' id='word_1_215' title='bbox 502 3129 624 3189; x_wconf 89' lang='lat' dir='ltr'>illarum</span> <span class='ocrx_word' id='word_1_216' title='bbox 651 3125 775 3187; x_wconf 82' lang='lat' dir='ltr'>ledibue</span> <span class='ocrx_word' id='word_1_217' title='bbox 798 3125 908 3190; x_wconf 84' lang='lat' dir='ltr'><strong>adfert.</strong></span> <span class='ocrx_word' id='word_1_218' title='bbox 949 3130 985 3189; x_wconf 93' lang='lat' dir='ltr'>ln</span> <span class='ocrx_word' id='word_1_219' title='bbox 1004 3140 1105 3192; x_wconf 83' lang='lat' dir='ltr'><strong>extre·</strong></span> 
     </span>
     <span class='ocr_line' id='line_1_27' title="bbox 60 3227 1105 3311; baseline 0 -19"><span class='ocrx_word' id='word_1_220' title='bbox 60 3249 117 3292; x_wconf 86' lang='lat' dir='ltr'>rua</span> <span class='ocrx_word' id='word_1_221' title='bbox 139 3227 243 3292; x_wconf 81' lang='lat' dir='ltr'>Africa</span> <span class='ocrx_word' id='word_1_222' title='bbox 266 3231 353 3294; x_wconf 83' lang='lat' dir='ltr'>varie</span> <span class='ocrx_word' id='word_1_223' title='bbox 373 3243 480 3294; x_wconf 73' lang='lat' dir='ltr'>notata</span> <span class='ocrx_word' id='word_1_224' title='bbox 503 3231 540 3292; x_wconf 86' lang='lat' dir='ltr'>ad</span> <span class='ocrx_word' id='word_1_225' title='bbox 567 3229 731 3292; x_wconf 85' lang='lat' dir='ltr'>Oceanum</span> <span class='ocrx_word' id='word_1_226' title='bbox 753 3241 880 3311; x_wconf 83' lang='lat' dir='ltr'>ponunt</span> <span class='ocrx_word' id='word_1_227' title='bbox 896 3229 1048 3292; x_wconf 80' lang='lat' dir='ltr'><strong>Hesiodus</strong></span> <span class='ocrx_word' id='word_1_228' title='bbox 1069 3232 1105 3292; x_wconf 89' lang='lat' dir='ltr'>iu</span> 
     </span>
     <span class='ocr_line' id='line_1_28' title="bbox 61 3328 1102 3417; baseline 0.002 -24"><span class='ocrx_word' id='word_1_229' title='bbox 61 3331 193 3416; x_wconf 83' lang='lat' dir='ltr'><strong>Theog.</strong></span> <span class='ocrx_word' id='word_1_230' title='bbox 212 3353 245 3394; x_wconf 89' lang='lat' dir='ltr'>v.</span> <span class='ocrx_word' id='word_1_231' title='bbox 268 3343 352 3410; x_wconf 83' lang='grc'><strong>974.</strong></span> <span class='ocrx_word' id='word_1_232' title='bbox 370 3332 438 3403; x_wconf 84' lang='grc'><strong>9111,</strong></span> <span class='ocrx_word' id='word_1_233' title='bbox 471 3351 511 3394; x_wconf 84' lang='lat' dir='ltr'>ex</span> <span class='ocrx_word' id='word_1_234' title='bbox 535 3328 759 3416; x_wconf 70' lang='lat' dir='ltr'>posterioribus</span> <span class='ocrx_word' id='word_1_235' title='bbox 779 3332 909 3394; x_wconf 71' lang='lat' dir='ltr'>Servius</span> <span class='ocrx_word' id='word_1_236' title='bbox 932 3333 970 3392; x_wconf 86' lang='lat' dir='ltr'>ad</span> <span class='ocrx_word' id='word_1_237' title='bbox 991 3333 1102 3417; x_wconf 84' lang='lat' dir='ltr'><strong>Virgil.</strong></span> 
     </span>
     <span class='ocr_line' id='line_1_29' title="bbox 62 3431 1103 3514; baseline 0 -18"><span class='ocrx_word' id='word_1_238' title='bbox 62 3431 148 3497; x_wconf 78' lang='lat' dir='ltr'>Aen.</span> <span class='ocrx_word' id='word_1_239' title='bbox 163 3431 196 3503; x_wconf 83' lang='lat'>6.</span> <span class='ocrx_word' id='word_1_240' title='bbox 212 3445 296 3514; x_wconf 85' lang='grc'><strong>989.</strong></span> <span class='ocrx_word' id='word_1_241' title='bbox 324 3433 412 3496; x_wconf 88' lang='lat' dir='ltr'><strong>Olim</strong></span> <span class='ocrx_word' id='word_1_242' title='bbox 427 3433 467 3496; x_wconf 83' lang='lat' dir='ltr'><strong>de</strong></span> <span class='ocrx_word' id='word_1_243' title='bbox 482 3431 610 3495; x_wconf 73' lang='lat' dir='ltr'><strong>sedibus</strong></span> <span class='ocrx_word' id='word_1_244' title='bbox 624 3432 820 3514; x_wconf 71' lang='lat' dir='ltr'><strong>disputatum</strong></span> <span class='ocrx_word' id='word_1_245' title='bbox 836 3432 905 3502; x_wconf 84' lang='lat' dir='ltr'>elle,</span> <span class='ocrx_word' id='word_1_246' title='bbox 925 3435 1052 3514; x_wconf 86' lang='lat' dir='ltr'>adparet</span> <span class='ocrx_word' id='word_1_247' title='bbox 1064 3453 1103 3496; x_wconf 86' lang='lat' dir='ltr'>ex</span> 
     </span>
     <span class='ocr_line' id='line_1_30' title="bbox 62 3534 1101 3618; baseline -0.001 -21"><span class='ocrx_word' id='word_1_248' title='bbox 62 3535 173 3597; x_wconf 87' lang='lat' dir='ltr'><strong>Schol.</strong></span> <span class='ocrx_word' id='word_1_249' title='bbox 189 3535 318 3598; x_wconf 88' lang='lat' dir='ltr'><strong>Pindari</strong></span> <span class='ocrx_word' id='word_1_250' title='bbox 335 3535 372 3598; x_wconf 87' lang='lat' dir='ltr'>ad</span> <span class='ocrx_word' id='word_1_251' title='bbox 389 3535 486 3615; x_wconf 82' lang='lat' dir='ltr'><strong>Pyrh.</strong></span> <span class='ocrx_word' id='word_1_252' title='bbox 500 3553 556 3605; x_wconf 84' lang='grc' dir='ltr'>ιο,</span> <span class='ocrx_word' id='word_1_253' title='bbox 574 3549 634 3614; x_wconf 80' lang='grc'><strong>79.</strong></span> <span class='ocrx_word' id='word_1_254' title='bbox 662 3535 711 3596; x_wconf 86' lang='lat' dir='ltr'>Do</span> <span class='ocrx_word' id='word_1_255' title='bbox 727 3534 796 3616; x_wconf 80' lang='lat' dir='ltr'>iplia</span> <span class='ocrx_word' id='word_1_256' title='bbox 815 3535 1018 3618; x_wconf 81' lang='lat' dir='ltr'>Gorgonibua</span> <span class='ocrx_word' id='word_1_257' title='bbox 1033 3536 1101 3599; x_wconf 87' lang='lat' dir='ltr'><strong>vid.</strong></span> 
     </span>
     <span class='ocr_line' id='line_1_31' title="bbox 62 3634 1103 3720; baseline 0.002 -25"><span class='ocrx_word' id='word_1_258' title='bbox 62 3655 146 3716; x_wconf 80' lang='lat' dir='ltr'><strong>quor</strong></span> <span class='ocrx_word' id='word_1_259' title='bbox 162 3636 268 3698; x_wconf 83' lang='lat' dir='ltr'>laudat</span> <span class='ocrx_word' id='word_1_260' title='bbox 289 3638 326 3699; x_wconf 92' lang='lat' dir='ltr'>ad</span> <span class='ocrx_word' id='word_1_261' title='bbox 346 3637 572 3720; x_wconf 82' lang='lat' dir='ltr'>Palaephatum</span> <span class='ocrx_word' id='word_1_262' title='bbox 594 3634 771 3706; x_wconf 72' lang='lat' dir='ltr'>flichanos,</span> <span class='ocrx_word' id='word_1_263' title='bbox 808 3650 840 3697; x_wconf 86' lang='lat' dir='ltr'>et</span> <span class='ocrx_word' id='word_1_264' title='bbox 863 3655 942 3717; x_wconf 88' lang='lat' dir='ltr'>quae</span> <span class='ocrx_word' id='word_1_265' title='bbox 964 3636 1103 3698; x_wconf 85' lang='lat' dir='ltr'><strong>uberiori</strong></span> 
     </span>
    </p>
   </div>
   <div class='ocr_carea' id='block_1_6' title="bbox 63 3735 1209 3822">
    <p class='ocr_par' dir='ltr' id='par_1_6' title="bbox 63 3735 1209 3822">
     <span class='ocr_line' id='line_1_32' title="bbox 63 3735 1209 3822; baseline 0 -25"><span class='ocrx_word' id='word_1_266' title='bbox 63 3735 147 3798; x_wconf 75' lang='lat' dir='ltr'>facia</span> <span class='ocrx_word' id='word_1_267' title='bbox 168 3739 363 3820; x_wconf 76' lang='lat' dir='ltr'>expolitione</span> <span class='ocrx_word' id='word_1_268' title='bbox 385 3739 501 3800; x_wconf 82' lang='lat' dir='ltr'><strong>adtulit</strong></span> <span class='ocrx_word' id='word_1_269' title='bbox 521 3738 636 3800; x_wconf 87' lang='lat' dir='ltr'>Banier</span> <span class='ocrx_word' id='word_1_270' title='bbox 658 3738 901 3815; x_wconf 78' lang='lat' dir='ltr'><strong>(Gdtterlelrro)</strong></span> <span class='ocrx_word' id='word_1_271' title='bbox 917 3739 957 3800; x_wconf 87' lang='grc' dir='ltr'>Τ.</span> <span class='ocrx_word' id='word_1_272' title='bbox 975 3747 1010 3815; x_wconf 70' lang='lat' dir='ltr'>lp.</span> <span class='ocrx_word' id='word_1_273' title='bbox 1031 3759 1102 3822; x_wconf 83' lang='lat' dir='ltr'>pag.</span> <span class='ocrx_word' id='word_1_274' title='bbox 1206 3743 1209 3752; x_wconf 86' lang='grc'><strong>“</strong></span> 
     </span>
    </p>
   </div>
   <div class='ocr_carea' id='block_1_7' title="bbox 64 3835 1105 4129">
    <p class='ocr_par' dir='ltr' id='par_1_7' title="bbox 64 3835 1105 4129">
     <span class='ocr_line' id='line_1_33' title="bbox 66 3835 1105 3921; baseline -0.001 -20"><span class='ocrx_word' id='word_1_275' title='bbox 66 3851 140 3918; x_wconf 77' lang='lat'>527</span> <span class='ocrx_word' id='word_1_276' title='bbox 157 3835 219 3921; x_wconf 85' lang='lat' dir='ltr'><strong>sqq.</strong></span> <span class='ocrx_word' id='word_1_277' title='bbox 256 3841 411 3902; x_wconf 82' lang='lat' dir='ltr'>Animalia</span> <span class='ocrx_word' id='word_1_278' title='bbox 427 3839 544 3902; x_wconf 77' lang='lat' dir='ltr'>ovibus</span> <span class='ocrx_word' id='word_1_279' title='bbox 564 3839 695 3909; x_wconf 82' lang='lat' dir='ltr'>fimilia.</span> <span class='ocrx_word' id='word_1_280' title='bbox 718 3839 835 3921; x_wconf 81' lang='lat' dir='ltr'>quibua</span> <span class='ocrx_word' id='word_1_281' title='bbox 847 3839 992 3921; x_wconf 83' lang='lat' dir='ltr'>pellilens</span> <span class='ocrx_word' id='word_1_282' title='bbox 1008 3835 1105 3900; x_wconf 81' lang='lat' dir='ltr'><strong>fuerit</strong></span> 
     </span>
     <span class='ocr_line' id='line_1_34' title="bbox 65 3940 1101 4025; baseline 0.004 -23"><span class='ocrx_word' id='word_1_283' title='bbox 65 3941 132 4002; x_wconf 81' lang='lat' dir='ltr'><strong>oris</strong></span> <span class='ocrx_word' id='word_1_284' title='bbox 148 3941 273 4014; x_wconf 71' lang='lat' dir='ltr'>halitus,</span> <span class='ocrx_word' id='word_1_285' title='bbox 296 3956 385 4025; x_wconf 80' lang='lat' dir='ltr'>purat</span> <span class='ocrx_word' id='word_1_286' title='bbox 400 3942 490 4006; x_wconf 91' lang='lat' dir='ltr'><strong>Coel.</strong></span> <span class='ocrx_word' id='word_1_287' title='bbox 506 3940 714 4024; x_wconf 79' lang='lat' dir='ltr'>Rhodiginua</span> <span class='ocrx_word' id='word_1_288' title='bbox 730 3944 766 4003; x_wconf 88' lang='lat' dir='ltr'>iu</span> <span class='ocrx_word' id='word_1_289' title='bbox 779 3943 865 4006; x_wconf 75' lang='lat' dir='ltr'><strong>lectt.</strong></span> <span class='ocrx_word' id='word_1_290' title='bbox 881 3953 945 4004; x_wconf 86' lang='lat' dir='ltr'>ant.</span> <span class='ocrx_word' id='word_1_291' title='bbox 969 3952 1024 4021; x_wconf 76' lang='lat'>18,</span> <span class='ocrx_word' id='word_1_292' title='bbox 1042 3953 1101 4023; x_wconf 76' lang='lat'>83.</span> 
     </span>
     <span class='ocr_line' id='line_1_35' title="bbox 64 4041 710 4129; baseline 0.005 -26"><span class='ocrx_word' id='word_1_293' title='bbox 64 4042 152 4126; x_wconf 88' lang='lat' dir='ltr'><strong>quod</strong></span> <span class='ocrx_word' id='word_1_294' title='bbox 169 4043 209 4106; x_wconf 82' lang='lat' dir='ltr'><strong>de</strong></span> <span class='ocrx_word' id='word_1_295' title='bbox 226 4043 389 4129; x_wconf 81' lang='lat' dir='ltr'>catoblepa</span> <span class='ocrx_word' id='word_1_296' title='bbox 404 4041 499 4110; x_wconf 79' lang='lat' dir='ltr'><strong>refert</strong></span> <span class='ocrx_word' id='word_1_297' title='bbox 514 4041 710 4108; x_wconf 74' lang='lat' dir='ltr'>Athenaeus.</span> 
     </span>
    </p>
   </div>
   <div class='ocr_carea' id='block_1_8' title="bbox 665 4191 854 4285">
    <p class='ocr_par' dir='ltr' id='par_1_8' title="bbox 665 4191 854 4285">
     <span class='ocr_line' id='line_1_36' title="bbox 665 4191 854 4285; baseline 0.011 -28"><span class='ocrx_word' id='word_1_298' title='bbox 665 4191 767 4260; x_wconf 78' lang='lat' dir='ltr'>ece</span> <span class='ocrx_word' id='word_1_299' title='bbox 851 4280 854 4285; x_wconf 25' lang='grc'>-</span> 
     </span>
    </p>
   </div>
   <div class='ocr_carea' id='block_1_9' title="bbox 0 0 1385 4894">
    <p class='ocr_par' dir='ltr' id='par_1_9' title="bbox 0 0 1385 4894">
     <span class='ocr_line' id='line_1_37' title="bbox 0 0 1385 4894; baseline 0 0"><span class='ocrx_word' id='word_1_300' title='bbox 0 0 1385 4894; x_wconf 95' lang='lat' dir='ltr'> </span> 
     </span>
    </p>
   </div>
  </div>
 </body>
</html>
