2748 4888
149 451 201 508 nn
228 447 364 508 nomn.
392 448 500 510 nnat„
541 449 577 506 1.
599 450 652 506 nr.
693 447 726 506 u
748 449 786 506 n.
826 449 907 523 en.
1023 447 1064 529 ⁶⁷

17 597 19 624 ἱ
45 625 196 696 intumuit,
223 638 257 687 et
270 621 328 685 ubi
343 619 458 694 fertur,
484 623 530 683 ibi
544 623 682 686 maxime
696 643 767 686 eam
785 623 896 696 ambit,
921 637 954 686 et
976 623 1061 700 ideo,

46 749 98 790 unu
113 728 203 788 altior
218 723 284 809 ipsa
302 722 400 786 insule
422 724 458 785 iit
475 725 604 794 fluctus,
632 726 740 788 omnia
756 727 824 789 eiua
841 727 934 808 piena
949 739 982 788 et
998 747 1062 789 rua·

45 827 130 890 niieitn
150 829 321 898 ridentur,
347 840 508 907 tamquam
526 825 546 884 fi
567 823 780 910 enniuperiori
803 827 892 898 ioco.
920 830 942 892 i.
964 847 993 892 e.
1017 848 1059 892 ex

43 928 252 992 intumescente
265 929 375 997 fluctu,
392 947 428 990 ea
441 927 709 1010 contemplaretur
724 929 834 1010 aliquia
849 931 922 992 navi
938 942 1057 1003 ventur,

41 1051 99 1094 tum
122 1043 208 1092 antea
233 1027 324 1110 ripae
349 1028 504 1093 etcoilea
530 1029 764 1110 impedimento
787 1029 885 1092 edent
912 1031 1060 1096 fluentum

40 1133 91 1193 iam
104 1132 322 1201 refluentibus,
339 1143 372 1192 et
388 1129 517 1192 Oceano
535 1129 753 1211 tranquilliori.
781 1131 866 1192 Haec
880 1129 1058 1206 fenestella.

40 1253 105 1315 quae
117 1251 223 1314 parum
246 1229 450 1294 [atiniaciunt.
492 1231 646 1294 Schottua
662 1233 779 1314 duplici
795 1234 928 1296 numine
946 1235 1061 1300 incolit

39 1333 152 1396 insulam
166 1349 274 1398 natare
290 1331 387 1398 eiiam
404 1333 465 1394 elie
487 1345 595 1414 putat.
628 1352 720 1402 cnm,
750 1335 837 1415 quud
854 1348 946 1398 auctu
969 1337 1058 1409 mari.

42 1435 86 1497 nbi
97 1437 213 1506 altiora,
238 1455 321 1520 quae
336 1435 499 1507 obiacent,
523 1435 612 1516 aquit
625 1433 778 1500 fluctibue
792 1435 992 1518 operientur,
1023 1441 1059 1500 in

41 1535 139 1600 infulae
159 1553 266 1599 tamen
284 1557 339 1598 ora
355 1537 438 1598 nihil
452 1535 545 1598 altine
563 1533 655 1596 solito
672 1553 749 1616 aqua
765 1539 948 1609 excreverit.
975 1541 1062 1603 uude

43 1658 95 1699 uua
123 1657 193 1700 cum
219 1657 300 1722 aqua
327 1637 428 1699 attolli
457 1651 489 1699 et
513 1637 650 1720 deprimi
676 1635 809 1698 insulam
840 1639 951 1721 opinio
977 1655 1059 1704 nata.

44 1740 150 1802 Deinde
171 1743 279 1822 qnod,
318 1759 397 1822 quae
421 1751 510 1800 enter
537 1737 667 1800 obiectu
696 1757 848 1822 aggerum
871 1739 972 1802 rideri
994 1762 1062 1805 uon

44 1855 181 1921 putenam,
216 1855 296 1904 tuuc
312 1838 402 1902 facile
423 1838 477 1900 iub
492 1837 675 1921 adspectum
694 1838 817 1902 cadant.
867 1839 991 1906 tudam
1010 1860 1064 1906 ex·

43 1941 224 2022 pliutinnem
248 1937 359 2006 Voffii.
397 1941 509 2009 Simile
532 1941 609 2022 quid
631 1952 735 2002 narrat
758 1939 882 2004 Pliniue
903 1953 936 2020 5,
966 1965 994 2006 ι.
1020 1945 1062 2008 de

45 2042 173 2105 trinario
197 2045 237 2106 ad
258 2063 389 2106 amnem
413 2043 547 2104 Lintuma
581 2041 786 2122 amplectitur
804 2043 893 2106 intra
915 2035 1061 2135 infidam,

43 2161 120 2226 ptum
128 2135 233 2235 solum
254 2168 273 2206 e
287 2145 394 2206 vicino
412 2155 517 2205 tractu
540 2142 709 2226 aliquanto
728 2133 906 2234 exeelsru're,
931 2166 996 2208 nort
1013 2159 1064 2209 tat·

46 2265 100 2305 uun
113 2244 210 2337 nesius
225 2247 325 2308 maris
341 2243 510 2308 inundant.
545 2245 712 2306 Pintianna
726 2257 757 2306 et
773 2245 825 2304 alii
842 2245 895 2306 hic
908 2248 948 2309 ad
963 2268 1062 2330 aquae

46 2337 184 2426 intuatur
209 2361 394 2415 recurrunt.
428 2365 509 2427 quae
534 2343 649 2415 efficit.
679 2359 718 2406 ut
738 2346 802 2406 iam
830 2346 931 2410 meria
954 2349 1066 2414 denuo

46 2443 90 2506 iub
107 2447 284 2530 adspectum
309 2449 430 2510 cadant.
482 2447 603 2508 Verum
620 2463 687 2508 nou
704 2445 783 2517 huc,
815 2445 866 2508 fed
889 2447 969 2510 iiiud
992 2469 1064 2532 pro»

45 2543 164 2609 bandum
187 2565 274 2620 erat,
308 2568 403 2630 quare
426 2567 501 2609 cum
528 2545 704 2610 obiacentia
728 2546 804 2609 huic
829 2547 947 2612 insulae
971 2551 1064 2614 litora

47 2647 135 2712 altiora
150 2651 330 2725 videantur,
356 2661 495 2710 attamen
511 2647 650 2711 abaeiiu
671 2648 878 2720 inundentur.
905 2669 978 2712 nuru
1000 2650 1064 2736 ipsa

47 2747 128 2812 iniula
152 2750 241 2834 [upra
263 2769 349 2814 mare
368 2748 477 2814 exstet.
535 2749 603 2810 Alia
624 2749 731 2830 itaque
753 2750 849 2814 hniur
870 2754 915 2814 rei
940 2755 1065 2840 excogi-

49 2853 123 2912 tanda
136 2854 177 2914 eii
195 2855 290 2916 ratio.
342 2853 413 2936 Ego
430 2851 470 2911 iic
485 2849 640 2920 existimo,
665 2851 757 2912 litora
774 2851 838 2922 itta,
866 2873 945 2935 quae
962 2855 1064 2920 duttu

48 2949 144 3014 iniulae
160 2955 323 3025 obiacent,
350 2967 381 3022 et
403 2951 475 3020 ista,
500 2971 579 3032 quae
598 2952 632 3012 in
648 2951 824 3036 Tingitana
838 2953 988 3016 aestuario
1003 2955 1064 3020 effe

50 3051 185 3128 diximus,
218 3053 328 3117 initalia
349 3053 451 3114 adfinis
469 3045 529 3114 atie
550 3045 755 3136 depreffium
786 3057 933 3135 quannrin
953 3057 1065 3119 altiora

50 3169 194 3236 appareant
208 3169 342 3240 propter
361 3156 453 3215 sntum
472 3153 545 3216 luci.
597 3155 836 3216 Demonstratur
858 3157 921 3218 huc
940 3159 1064 3228 ratione

50 3257 153 3336 uptica,
184 3261 282 3320 etiam
303 3255 389 3318 nulia
410 3252 550 3316 adhibita
570 3251 768 3319 refractione.
826 3255 877 3320 Sit
901 3260 989 3322 enim
1010 3269 1066 3323 aut

51 3357 137 3430 tallia,
167 3375 221 3421 aut
245 3359 354 3420 alvena
372 3355 531 3442 aestuarii.
557 3369 612 3416 aut
634 3356 813 3438 quicunque
832 3370 931 3420 terrae
948 3371 1065 3424 tractat

51 3459 139 3523 netto
151 3459 319 3543 depreffun.
344 3456 466 3539 semper
480 3457 608 3538 crepido
626 3457 767 3528 ulteriur‚
799 3458 866 3530 illo,
888 3461 938 3532 eui
956 3461 1065 3525 inusti.

53 3575 120 3632 tunr,
145 3562 291 3624 exceifior
305 3555 477 3642 apparebit.
530 3557 660 3619 Norunt
681 3556 743 3620 huc
765 3559 902 3642 topiarii,
934 3559 990 3644 qni
1011 3559 1067 3626 uli

52 3675 213 3726 tnrntuento
231 3660 333 3725 [olent
356 3659 468 3722 oculor
489 3655 604 3721 fallere.
657 3659 707 3724 Sit
722 3657 790 3720 ΔΕ
812 3662 1068 3728 arnbniacruma

53 3763 181 3828 metioc
205 3765 238 3825 in
256 3762 370 3826 moilen
385 3761 545 3839 utrimque
562 3759 662 3821 cliro·
682 3757 860 3843 adsurgens.
902 3764 968 3846 Qui
983 3767 1066 3832 οιΑ

53 3859 115 3924 inB
132 3864 339 3935 deiceudunt,
363 3863 398 3924 in
414 3859 509 3945 planu
526 3858 729 3925 inambulare
745 3861 932 3929 existimant.
