2696 4896
274 379 336 446 ¹0⁸
542 369 704 432 NOTAE
744 356 1046 430 exacturum

276 561 422 616 veteres,
449 559 482 608 et
501 540 676 608 introitum
691 559 806 630 portus
828 541 995 608 interioris
1009 539 1148 608 efficere
1165 539 1319 612 adfirmat

279 646 332 713 Gi.
354 643 552 709 hodiernum
575 661 690 731 portus
717 643 861 712 Gadium
882 643 1029 732 (Codix)
1062 642 1320 728 descriptionem

278 715 499 822 luculeniam,
533 767 631 833 quem
660 749 771 811 tabula
800 745 971 833 proposuit
995 749 1164 810 Mentelle
1187 747 1320 829 Geogrr·

279 849 359 936 phie
384 848 556 934 compuree
576 851 616 915 T.
634 847 667 914 6.
721 851 815 936 Quae
830 846 915 911 mihi
932 845 1126 920 videantur,
1152 841 1246 932 sup‘ra
1260 845 1319 912 iam

281 947 439 1018 indicavi.
498 951 621 1014 Vossruo
643 951 737 1015 adh.
761 953 782 1014 l.
808 965 865 1014 aut
885 952 1012 1013 nullam
1034 947 1135 1012 suille
1155 946 1318 1027 Erythiam

280 1052 408 1124 censet,
434 1066 490 1114 aut
503 1072 581 1114 vera
596 1053 674 1124 esse,
700 1073 784 1138 quae
800 1052 841 1114 de
856 1052 917 1114 hnc
932 1048 1122 1114 Aristoteles
1140 1047 1178 1112 in
1195 1045 1318 1114 Mirabi-

280 1151 367 1218 libue
382 1150 558 1238 scripserit,
584 1173 705 1238 nempe
721 1149 893 1235 Erythiam
907 1151 1000 1216 soille
1018 1151 1056 1214 in
1074 1149 1197 1236 Epiro.
1273 1239 1276 1246 Ι

361 1355 596 1439 Geryonae)
632 1357 722 1420 Vela
739 1356 872 1441 Geryon,
889 1325 1128 1440 vesGer-yones,
1148 1353 1240 1440 quod
1254 1349 1317 1438 qui·

283 1457 360 1520 dem
375 1475 517 1528 nornen,
543 1453 746 1544 ubicumque
762 1455 921 1529 occurrit,
946 1455 992 1520 ita
1011 1461 1128 1541 legere
1146 1456 1274 1518 malunt
1284 1452 1316 1514 in

282 1553 412 1622 Latinis
432 1555 498 1620 viri
520 1556 627 1632 docti,
661 1575 694 1622 et
715 1557 793 1623 hinc
816 1557 853 1621 in
876 1557 1025 1644 genitivo
1044 1561 1231 1644 Geryonae.
1255 1575 1316 1616 non

285 1659 449 1742 Geryonis.
498 1655 572 1723 Vid.
589 1663 769 1724 Burmann.
787 1661 828 1722 ad
845 1660 959 1724 Tiber.
979 1681 1050 1745 cap.
1072 1673 1129 1742 ¹4·
1156 1654 1264 1722 Heins.
1280 1655 1316 1718 ad

284 1757 383 1826 on'd.
399 1758 487 1846 epist.
504 1771 539 1838 8,
554 1780 587 1843 9.
614 1762 818 1826 Brouclrhus.
835 1778 869 1825 et
882 1765 1097 1827 Burmannus
1113 1761 1155 1824 ad
1176 1761 1315 1841 Propert

284 1877 320 1940 3,
339 1881 446 1943 or,9.
473 1878 507 1926 et
526 1861 910 1948 quoehiclaudatadc.
929 1867 953 1927 l.
977 1873 1011 1928 et
1033 1861 1174 1926 entend
1191 1859 1335 1923 Anthol..

282 1965 355 2026 Lat.
372 1965 413 2026 T.
436 1988 465 2026 r.
485 1985 517 2048 p.
537 1977 608 2042 325
626 1967 669 2052 sq.
722 1966 817 2028 Certe
838 1962 885 2028 ita
907 1961 972 2028 iam
994 1961 1169 2050 praecepit
1189 1957 1314 2026 Servius

284 2065 326 2126 atl
345 2061 458 2148 Virgil.
476 2066 555 2126 Aen.
573 2081 607 2142 3,
626 2069 710 2132 662.
736 2063 794 2152 qui
816 2083 926 2130 tamen
945 2067 1099 2150 Geryonis
1116 2086 1157 2126 ex
1173 2058 1312 2126 Sallustio

284 2164 400 2227 adfert.
451 2160 539 2228 Hinc
560 2163 649 2230 etin
672 2165 809 2252 Virgilio
831 2169 909 2232 Aen.
929 2184 962 2245 7,
987 2169 1069 2232 662.
1096 2185 1159 2250 pro
1185 2166 1335 2244 Geryone.

283 2263 419 2352 quidam
440 2268 620 2330 voluerunt
643 2269 804 2352 Geryone,
837 2265 895 2332 ubi
919 2265 987 2331 vid.
1011 2271 1042 2330 la
1067 2267 1196 2335 Cerda,
1222 2278 1253 2324 ct
1277 2263 1311 2323 stc

284 2363 363 2429 alibi
375 2367 480 2432 Codd.
498 2366 634 2433 variant.
661 2371 777 2458 Neque
793 2386 901 2432 tamen
919 2369 1121 2432 constantem
1137 2387 1215 2430 eum
1229 2359 1311 2426 suisio
1328 2390 1335 2426 t

282 2467 395 2540 usum,
425 2486 540 2531 monet
554 2471 714 2551 Verheylr.
732 2473 773 2533 ad
789 2469 943 2535 Antonin.
967 2468 1077 2533 Liber.
1096 2493 1124 2535 c.
1142 2479 1176 2548 4.
1194 2486 1265 2531 curn
1278 2459 1309 2522 in

283 2566 415 2632 Graecis
439 2568 556 2654 triplex
573 2569 749 2636 invaluerit
765 2574 880 2645 forma,
909 2567 1061 2659 Γηρυὼν.
1096 2563 1261 2658 Γηρυόνης
1281 2577 1309 2623 et

282 2662 484 2756 Prypoovtbt,
518 2669 567 2734 uti
590 2674 713 2735 docent
733 2674 875 2737 Eustoth.
904 2675 945 2736 atl
967 2671 1101 2752 Dionys.
1128 2695 1159 2739 v.
1179 2677 1257 2746 558.
1279 2677 1332 2731 et.

283 2771 428 2850 Etymol.
442 2773 488 2835 Nl.
505 2771 525 2836 s.
541 2795 572 2836 v.
589 2765 741 2862 Γηρυὼν,
769 2791 802 2837 et
814 2771 973 2859 exemplis
988 2771 1146 2858 probavit
1161 2767 1306 2844 Verheylr.
1329 2777 1332 2832 i

283 2891 312 2934 c.
336 2873 357 2936 l.
398 2869 468 2936 Vin.
492 2889 673 2956 praeterea,
704 2897 786 2962 quoe
807 2875 935 2939 notavit
955 2874 1129 2938 Fischerus
1151 2870 1188 2934 in
1208 2865 1333 2934 inrlice;

283 2971 522 3063 Palaephatilt.
539 2998 570 3038 v.
612 2977 851 3056 Gerionis(s1c)
874 2993 961 3040 certe
987 2974 1086 3039 estin
1108 2973 1204 3037 inscr.
1228 2963 1306 3051 apud
1327 3001 1332 3058 y

283 3075 413 3137 Gruter.
435 3079 467 3147 6,
484 3085 518 3158 4.
569 3080 620 3139 De
635 3081 785 3158 Geryone
799 3094 909 3140 autem
925 3075 1068 3140 narratio
1086 3077 1131 3139 esl
1147 3072 1182 3136 in
1198 3063 1306 3133 sabulit
1323 3081 1332 3138 t

284 3177 454 3239 celebrata
487 3175 559 3242 Vid.
577 3199 658 3264 quoe
681 3181 791 3243 laudat
813 3170 952 3244 Fischer.
974 3181 1015 3241 ad
1035 3177 1220 3262 Palaephat.
1243 3187 1303 3250 cap·
1327 3206 1331 3242 r

286 3294 304 3339 2
311 3290 343 3355 5.
359 3273 405 3340 in.
444 3279 682 3363 Tergeminum
702 3281 723 3344 s.
741 3278 880 3365 triplicis
899 3295 1034 3344 naturae
1055 3279 1200 3364 fingunt,
1222 3267 1331 3335 cuius.

283 3375 499 3460 pulcerritnac
512 3382 632 3453 bores,
659 3379 833 3446 interfecto
847 3377 916 3466 ipso
935 3377 1088 3451 domino,
1114 3372 1222 3460 abegit
1234 3373 1302 3434 Her·
1316 3403 1331 3445 p

284 3480 393 3542 culeo..
424 3477 552 3544 Plinius
568 3493 602 3566 4,
621 3484 679 3560 56.
694 3483 716 3546 s.
735 3501 791 3546 ce.
810 3479 930 3567 plurali
945 3501 1084 3544 numero
1100 3476 1200 3550 dixit,
1225 3467 1330 3573 quody

284 3577 420 3664 quidam
439 3597 503 3644 tren
525 3573 721 3646 eonomine
742 3584 856 3647 iratres
879 3582 971 3646 luisse
996 3598 1172 3668 putarunt,
1202 3572 1248 3639 uti
1265 3567 1301 3631 ⁶st
1314 3579 1330 3650 'i

285 3682 373 3764 apud
390 3679 499 3747 lustin.
516 3694 577 3763 44,
594 3695 629 3764 4.
646 3701 725 3750 extr.
776 3689 827 3748 De
851 3684 924 3747 sede
948 3682 1136 3768 discrepant
1157 3687 1329 3783 auctorecy

283 3779 436 3868 Plerique
452 3781 577 3847 insulae
595 3800 699 3870 prope
718 3783 908 3872 Hispaniam
923 3807 1035 3870 regem
1048 3782 1141 3848 fuisse
1159 3777 1298 3844 scribunt·
1315 3789 1329 3854 l

284 3901 384 3966 quarn
397 3883 568 3963 Erythiarn
583 3883 618 3948 in
633 3885 675 3950 iis
697 3885 794 3950 multi
810 3885 1000 3965 nominant,
1024 3889 1080 3950 etsr
1095 3887 1181 3948 Mela
1196 3877 1299 3942 Lunn-
1313 3885 1329 3967 j

282 3979 360 4046 niae
383 3981 545 4049 obiectam
569 3985 666 4061 facit,
698 3987 749 4052 uti
774 3991 868 4074 supro
889 3986 1015 4054 notavi.
1064 3989 1180 4067 Scylax
1200 4003 1230 4066 p.
1251 3982 1328 4171 Ἴ

279 4084 422 4167 (Huds.)
444 4086 615 4168 Erythiam
632 4111 706 4155 eam
722 4087 884 4174 Geryoni·
905 4089 1002 4179 ponit
1018 4108 1121 4176 prope
1135 4079 1297 4166 myricam
1326 4167 1328 4170 Ι
