2674 4906
300 401 363 471 eae
569 387 735 449 uorsa
768 385 1093 446 exacurrcar.

303 567 404 630 veluti
422 580 510 632 noeto
525 563 625 626 coelo.
661 561 793 626 Causam
807 561 916 624 adiicit
933 559 1072 624 Pliniue
1087 577 1130 622 ex
1147 555 1221 620 solie
1236 555 1320 618 diver
1335 586 1337 603 =

304 683 375 734 ortu
391 681 424 729 et
439 663 564 736 occasu,
591 665 646 730 ubi
664 666 730 726 vid.
751 663 945 728 Haeduiuue.

378 813 564 898 umbrae)
614 817 650 878 ld
674 829 782 887 notat,
815 815 887 897 quia
909 829 1042 877 veteree
1068 813 1103 872 in
1128 810 1335 895 dillingueu‘

301 917 489 1004 regionibus
510 937 657 1003 magnam
680 917 859 978 hahuerunt
887 915 1086 978 umbrarum
1109 915 1285 983 rationem,
1312 933 1337 971 a»

221 1077 224 1084 .
306 1035 344 1082 ut
369 1020 445 1081 iude
474 1017 557 1101 ipsoe
589 1021 726 1102 populoe
752 1018 992 1101 adpellaverint.
1046 1016 1125 1076 Vid.
1145 1015 1232 1078 l’lin.
1249 1015 1280 1082 6.
1299 1027 1337 1072 ea

308 1121 330 1184 s.
357 1139 410 1201 ¹9·
438 1141 461 1184 t.
478 1139 677 1183 ouotovtve
690 1119 766 1183 MS.
801 1122 849 1182 De
863 1139 895 1181 re
909 1117 972 1201 ipsa
998 1118 1180 1198 disputant
1198 1130 1230 1178 et
1247 1115 1311 1194 dieq

307 1237 384 1284 runt
407 1223 500 1282 multi
526 1235 648 1303 praeter
673 1222 848 1284 vedianum
873 1224 910 1280 etl
934 1219 1089 1280 ttoslrtttn
1113 1219 1238 1278 locum.
1289 1216 1332 1271 vt

307 1343 387 1406 quoe
408 1324 553 1383 nominat
574 1323 725 1386 Oudend.
745 1321 782 1382 ad
807 1323 925 1384 Lucan.
944 1335 977 1398 3.
1003 1331 1099 1401 248.
1131 1332 1167 1381 et
1189 1317 1337 1380 Palmeri

306 1427 342 1488 in
359 1425 502 1509 apologia
518 1443 577 1508 pro
593 1426 721 1485 Lucano
735 1445 768 1506 p.
784 1423 869 1503 916.

377 1566 614 1666 foraticos)
665 1573 729 1636 Hae
746 1574 778 1633 in
799 1573 910 1655 primia
925 1571 1083 1637 Nearcho
1101 1584 1138 1634 et
1153 1567 1332 1654 Megasthen

309 1676 489 1742 ettctoribua
506 1673 662 1756 descripfit
675 1675 787 1736 Strabo
810 1687 863 1751 15.
878 1695 910 1756 p.
925 1684 1011 1754 435.
1029 1672 1055 1738 s.
1074 1685 1168 1751 705.
1185 1671 1268 1746 706.
1285 1688 1330 1748 pa

309 1778 533 1842 theriefimilee
554 1774 641 1838 luisse
665 1775 720 1837 sec.
738 1775 930 1845 Nearchum,
956 1776 1118 1859 vulpibus
1136 1769 1333 1857 magnitudin

309 1880 367 1944 sec.
392 1877 640 1963 Megasthenem.
682 1878 766 1940 l'lin.
783 1898 835 1948 tt,
853 1878 909 1957 56.
930 1875 950 1939 s.
967 1891 1024 1957 31.
1055 1877 1208 1939 colorem
1236 1871 1336 1934 felium

307 1977 563 2066 magnitudinem
584 1981 720 2062 Aegypti
738 1979 889 2061 luporum
911 1979 1032 2042 tribuit.
1079 1979 1239 2040 Arrianus
1257 1970 1337 2034 lndi

309 2103 377 2164 cap.
403 2092 458 2158 ²6·
485 2100 524 2142 ex
550 2079 751 2163 Megasthene
773 2082 869 2142 etiam
893 2079 1047 2164 vulpibus
1074 2080 1219 2141 maiores
1242 2069 1329 2136 refert

308 2201 349 2244 ex
364 2200 427 2261 quo
442 2194 525 2242 recte
544 2199 560 2241 a
578 2180 660 2242 Mela
677 2193 829 2242 notantur
842 2194 973 2264 propter
989 2181 1270 2268 magnitudinem,
1295 2194 1313 2233 n

307 2293 505 2365 repugnante
526 2282 623 2343 nimie
640 2281 806 2344 Herodoto
825 2295 856 2361 5,
879 2298 959 2347 102.
994 2284 1128 2345 durum
1150 2292 1261 2342 eutem
1277 2271 1317 2337 eff

308 2383 384 2446 dere
400 2383 443 2442 ait
464 2381 576 2443 Strabo
602 2382 636 2441 in
657 2383 788 2466 regione
807 2383 1000 2454 Derdarum,
1031 2385 1087 2466 qui
1111 2396 1268 2464 montana
1283 2376 1328 2435 lot

307 2489 346 2548 ed
366 2484 522 2546 orientem
539 2482 691 2546 incolant.
729 2484 793 2544 Eoe
810 2483 961 2548 Derbices
978 2485 1036 2547 esse
1052 2485 1216 2546 existimat
1237 2478 1273 2540 ad
1290 2473 1330 2536 c.l

307 2585 358 2648 cl.
381 2583 497 2645 Penzel
515 2584 584 2645 Vol.
600 2592 635 2660 lp.
657 2603 689 2664 p.
708 2597 818 2661 2037.
841 2584 1038 2667 Ctesaatnque
1062 2591 1206 2648 advocat
1228 2583 1261 2640 iu
1284 2575 1311 2636 stt

173 2689 176 2698 ‘
308 2685 439 2756 fidium,
465 2703 504 2744 ex
521 2702 587 2764 quo
606 2698 710 2745 tamen
726 2702 793 2745 non
816 2688 884 2766 peti
900 2687 1011 2768 potesl.
1065 2686 1151 2750 Levi
1175 2685 1262 2746 enim
1280 2693 1330 2737 mu

307 2789 429 2846 tatione
451 2799 620 2846 occurrunt
640 2783 779 2848 Dardae
799 2788 883 2868 apud
907 2788 1060 2870 Stephon.
1079 2789 1114 2850 h.
1133 2809 1167 2850 v.
1193 2787 1228 2845 in
1249 2778 1316 2842 ludi

307 2886 357 2946 tati
377 2905 425 2967 ap.
441 2885 524 2947 Plio.
543 2887 575 2956 6.
592 2901 650 2949 22.
667 2885 764 2961 [¹18.
790 2889 844 2968 qtti
858 2879 1070 2979 sertiltffimos
1093 2888 1170 2950 artri
1189 2883 1283 2951 dicit.
1311 2896 1337 2938 θ·

307 2985 421 3048 diserte
441 2988 534 3047 tradit
552 3006 607 3058 tt,
624 2988 682 3068 36.
700 2986 721 3050 s.
739 3006 796 3071 31.
820 2988 902 3070 apud
922 3007 977 3051 eoa
1002 3009 1115 3050 aurum
1140 3009 1182 3051 ex
1205 2979 1332 3048 caverni

307 3100 406 3150 terrae
426 3083 574 3149 formicet
597 3109 741 3173 egerere.
772 3090 917 3170 quamvie
940 3087 1026 3154 secut
1046 3109 1082 3152 ac
1103 3089 1220 3154 Strabo
1243 3086 1275 3145 in
1296 3097 1326 3139 re

306 3191 403 3273 gione
436 3189 590 3250 ludorum
625 3189 871 3272 septemtrionali
902 3191 994 3254 locat.
1057 3191 1150 3276 Quae
1182 3181 1337 3266 subiungi

307 3289 421 3352 Noster
441 3290 480 3352 de
503 3293 570 3352 auri
593 3291 728 3352 cullodia
749 3293 913 3363 acerrima,
947 3292 999 3354 alii
1022 3294 1118 3354 etiem
1139 3290 1333 3355 confirment·

306 3389 386 3454 lude
412 3407 489 3452 vero
516 3391 660 3472 Propert.
679 3407 711 3470 3.
737 3406 791 3470 13.
813 3405 847 3470 5.
878 3391 966 3453 Inda
990 3395 1080 3456 cavis
1102 3413 1216 3456 aurum
1241 3382 1336 3448 mittit

302 3483 447 3581 formica
475 3491 618 3554 metallis.
671 3494 755 3552 Hinc
778 3487 1022 3579 χρυσωρύχους
1047 3489 1225 3583 μύρμηκας
1248 3494 1331 3549 v0⁶¹¹

305 3592 418 3654 Strabo
441 3603 496 3668 15.
515 3611 546 3673 p.
561 3601 645 3670 483.
663 3590 682 3653 s.
701 3607 782 3662 702.
826 3594 979 3675 Explodit
998 3595 1038 3656 de
1061 3594 1203 3657 formicie
1218 3604 1250 3654 et
1267 3603 1329 3671 gty·

233 3701 235 3705 ’
305 3693 377 3776 phio
398 3694 518 3755 Antan.
538 3692 578 3754 cle
600 3713 672 3775 exp.
689 3695 776 3755 Alex.
797 3693 841 3755 Nl.
858 3705 891 3770 5.
908 3704 942 3772 4.
986 3695 1108 3756 littrttm
1132 3710 1239 3757 autern
1255 3681 1325 3749 illud

302 3794 460 3876 adpellant
482 3789 676 3882 popppat'av.
711 3795 780 3854 Vid.
803 3794 966 3857 Heliodor.
983 3798 1015 3856 itt
1034 3797 1183 3880 Aethiop.
1206 3784 1325 3862 10225·

303 3892 324 3956 s.
344 3915 374 3976 p.
392 3907 477 3976 495.
497 3895 547 3955 ed.
564 3895 713 3957 Bourdel.
741 3909 769 3956 et
795 3915 873 3976 quot
893 3896 936 3956 ibi
953 3897 1075 3967 laudat,
1103 3895 1273 3961 Philostrat.
1294 3888 1323 3945 in

301 3995 368 4055 vita
387 3995 495 4076 Apoll.
514 3997 546 4064 6,
569 4015 597 4058 t.
617 3993 639 4060 s.
664 4011 696 4058 et
715 3997 759 4056 ibi
778 3997 931 4059 Oleariue.
984 3997 1035 4060 Esl
1056 4000 1088 4059 in
1108 3999 1228 4062 Codice
1249 3991 1324 4053 char·

300 4107 388 4158 taceo
417 4091 629 4160 bibliothecae
656 4095 822 4162 Misnenste
854 4098 978 4162 urbicae
1003 4099 1131 4184 epislola
1158 4087 1321 4185 preebyteri
