2746 4894
164 441 519 501 1000000101..
561 444 597 500 ι.
619 445 670 499 10.
713 445 847 507 cvm.
888 442 989 516 aa·
1028 457 1092 522 525

35 612 124 679 atlbi
150 615 194 677 de
216 612 429 689 mamitus,
460 632 498 678 ur
519 613 566 678 ibi
588 614 703 680 docuit
722 617 924 680 Wemsdors.
970 615 1026 682 Sic
1044 621 1087 683 de

35 719 216 801 Euphrate
232 720 356 780 Lucan.
375 733 409 798 5,
428 721 509 796 256.
548 715 675 783 Similia
692 721 764 782 loca
786 718 906 782 adtulit
920 718 976 783 hic
991 719 1082 785 (1100-

34 819 163 884 eonius
195 839 235 880 ex
262 815 494 898 (3001004.
517 837 550 898 7.
590 821 630 882 de
657 817 808 905 Rhitlago
840 843 876 884 os
897 825 1019 903 operire
1051 839 1084 886 et

37 919 172 985 Ouidio
189 921 324 984 Metam.
346 933 399 999 15,
417 937 498 1002 274.
516 923 557 983 de
569 923 659 1003 Lyco
676 915 797 1015 renasci
808 924 873 986 atto
891 945 957 996 ore,
983 945 1083 1010 quem

35 1021 168 1106 repetit
188 1025 312 1086 Seneca
333 1023 374 1084 N.
391 1023 455 1108 Qu.
476 1039 508 1103 5,
528 1021 583 1088 06.
636 1025 756 1086 Fontes
775 1040 883 1087 autem
905 1024 1083 1110 Euphratis

36 1123 182 1186 diversas
205 1120 291 1185 locis‘
305 1140 436 1206 ponunt
453 1140 613 1189 auctores.
650 1122 802 1211 Plerique
820 1125 957 1188 omuino
972 1129 1083 1192 Arme·

34 1224 118 1288 aios
135 1239 267 1287 montes
281 1240 476 1298 memorant,
497 1223 601 1288 veluti
616 1227 802 1290 Herodotus
821 1239 952 1304 1,,180.
974 1227 1082 1292 Arria·

37 1349 104 1390 nus
124 1343 160 1408 7,
179 1345 234 1388 aa.
261 1323 395 1406 Dionys.
412 1349 444 1388 r.
463 1341 547 1407 978.
575 1343 607 1390 01
622 1349 661 1390 ex
677 1348 719 1390 eo
731 1325 885 1392 Priscian.
902 1352 933 1391 v.
945 1345 1030 1413 903.
1049 1345 1083 1392 et

34 1427 193 1493 Avienus
211 1449 243 1488 v.
265 1437 368 1505 ¹¹58·
405 1426 544 1494 Diodor.
560 1427 660 1493 Sicul.
681 1447 712 1501 a.
737 1453 790 1492 ιι.
816 1431 955 1514 Procop.
979 1431 1019 1491 de
1040 1431 1078 1495 Β.

35 1529 131 1596 Pers.
150 1553 180 1600 1,
197 1543 252 1608 17.
279 1525 416 1591 Cuttiae
430 1541 463 1608 5,
483 1555 513 1602 ι,
534 1546 588 1608 13.
614 1533 727 1611 Polyb.
743 1549 777 1611 9,
791 1541 851 1612 43.
875 1528 955 1618 (qui
968 1531 1080 1593 Arme·

34 1629 135 1696 uiam
152 1627 342 1712 simpliciter
356 1629 477 1716 habet)
503 1633 620 1715 Geogr.
638 1633 786 1695 Ravenn.
807 1656 836 1706 ι,
854 1644 886 1710 8.
908 1629 966 1718 qui
980 1629 1081 1696 etiam

36 1733 126 1796 iude
145 1729 278 1814 Tigrim
295 1728 383 1794 nasci
403 1730 547 1796 scribunt
563 1755 638 1796 cum
658 1731 750 1807 aliie,
774 1731 877 1796 veluti
893 1737 1029 1796 Lucano
1046 1749 1080 1812 3,

39 1847 131 1912 257.
160 1849 296 1916 atquae
320 1833 568 1897 habetCamera
587 1835 627 1896 a'd
648 1833 806 1898 Ariamc.
823 1837 844 1897 l.
885 1835 927 1897 At
946 1833 1006 1920 qui
1023 1837 1079 1897 Ar·

36 1933 177 1998 meniae
191 1937 302 1996 locum
318 1932 484 2006 indicant,
510 1933 648 1998 minime
665 1933 889 2014 consentiunt,
915 1952 971 1998 aut
987 1931 1079 1998 varie

36 2041 159 2102 locum
182 2037 356 2118 designant.
397 2034 452 2100 Sic
468 2039 584 2100 Strabo
608 2061 660 2100 tr.
681 2057 754 2122 pag.
774 2039 855 2114 367.
874 2036 893 2100 Γ.
912 2050 994 2120 507.
1015 2037 1078 2100 sca·

37 2135 148 2202 turire
173 2159 248 2198 enm
273 2135 354 2200 <licit
379 2135 414 2199 in
435 2136 691 2222 septemtrionali
713 2135 814 2200 'l'auri
838 2139 956 2212 latere,
989 2137 1079 2200 unde

36 2261 101 2326 per
115 2236 305 2301 Arrncrriam
329 2237 473 2321 primurn
492 2255 601 2301 ortum
617 2238 710 2323 petit.
759 2241 851 2301 ldem
873 2264 927 2302 ιι.
944 2263 975 2324 p.
995 2251 1079 2318 359.

40 2343 61 2404 Γ.
91 2354 180 2418 521.
208 2336 308 2400 Tanti
334 2361 405 2406 earn
432 2357 555 2424 partem
582 2357 679 2403 vocat
699 2339 735 2401 itt
756 2337 858 2425 priori
880 2344 953 2404 loco
977 2339 1078 2404 Abttm

37 2459 214 2514 montem,
240 2441 329 2502 00110
345 2455 377 2502 01
392 2444 529 2504 Araxem
546 2439 697 2514 tlctlucit,
722 2463 782 2525 pro
798 2462 864 2526 quo
879 2441 1021 2504 Eustath.
1037 2440 1079 2502 ad

30 2543 180 2622 ¹Dionys.
196 2565 227 2603 r.
246 2553 329 2620 988.
353 2541 463 2604 scribit
477 2536 584 2619 Ἀκος.
636 2546 676 2605 tlt
698 2563 764 2604 non
787 2543 890 2606 solutu
905 2539 953 2606 ibi
969 2541 1076 2605 Codd.

40 2645 181 2732 quidam
198 2638 317 2719 Ἂβος,
350 2645 403 2705 setl
420 2660 452 2706 et
473 2665 512 2705 00
534 2642 669 2706 nornine
689 2665 785 2706 mens
802 2658 1078 2708 commemoratur

41 2747 78 2810 10
94 2749 162 2807 hoc
177 2760 283 2806 tractu
299 2765 316 2804 a
334 2745 519 2806 Ptolemaeo
535 2759 569 2823 5,
591 2761 643 2823 13.
678 2749 715 2807 10
730 2743 840 2808 Plinio
857 2759 891 2824 5,
909 2765 963 2809 ao.
980 2744 1001 2807 Γ.
1019 2754 1074 2824 alp.

40 2863 184 2911 vocatur
207 2865 302 2907 mona
325 2847 409 2908 Abas
431 2845 451 2908 Γ.
469 2849 556 2916 Aba,
588 2845 644 2931 qni
668 2847 708 2907 tle
727 2845 873 2909 sontibus
892 2845 937 2908 ita
956 2845 1074 2907 refert:

43 2951 161 3014 Oritur
185 2951 218 3009 in
242 2939 448 3037 praefectura
473 2952 634 3010 Armeniae
654 2949 779 3008 maioris
803 2947 1005 3016 Caranitide,
1038 2959 1076 3007 ut

41 3049 274 3136 prodideram
295 3051 350 3119 iis,
383 3050 440 3131 apti
459 3049 600 3129 proxime
619 3049 785 3118 uiderant,
812 3049 978 3109 Domitius
999 3047 1075 3110 Gor·

41 3153 120 3214 halo
146 3153 181 3212 in
207 3163 312 3212 monte
336 3148 427 3222 Aba·
462 3150 604 3211 Licinius
631 3151 805 3211 Mucianus
826 3140 889 3240 sub
917 3145 1076 3209 radicibus

42 3255 175 3324 montis,
196 3273 285 3336 quem
306 3253 449 3331 Capoten
464 3251 627 3332 adpellant
633 3242 738 3341 snpra
747 3251 910 3311 Zimaram
925 3249 1029 3311 ta-M.
1037 3249 1076 3313 Ρ.

42 3357 140 3419 101110
153 3355 324 3436 Pyxirates
341 3355 530 3417 noatinntus.
557 3348 736 3414 Posteriora
752 3348 871 3435 repetit
884 3347 961 3411 inde
973 3346 1076 3414 Solia.

43 3469 106 3536 no.
127 3455 148 3518 s.
165 3469 224 3532 37.
260 3453 311 3516 Cf.
328 3451 426 3514 etiarn
444 3451 593 3516 Martian.
608 3451 665 3515 lib.
683 3450 714 3516 6.
731 3475 763 3538 p.
783 3471 864 3518 aco.
889 3467 921 3514 et
936 3470 1020 3537 quae
1037 3452 1080 3512 atl·

42 3555 196 3623 Plinium
220 3551 350 3616 notarit
371 3555 411 3616 tle
435 3551 476 3615 iis
505 3552 586 3618 locis
608 3551 809 3616 Hardniuue.
862 3550 1080 3640 Consentiunt

43 3657 150 3744 igitur
167 3652 294 3719 Plinius
311 3669 344 3716 et
360 3657 476 3718 Strabo
492 3653 525 3717 in
545 3653 644 3720 100110
659 3659 752 3728 1000,
779 3671 811 3718 at
831 3653 866 3716 10
882 3650 990 3738 primo
1007 3650 1078 3714 eius

46 3759 146 3825 cursu
160 3755 367 3827 dissentiunt,
392 3757 481 3841 qnod
500 3779 538 3817 ex
554 3754 762 3841 sequentibus
778 3753 955 3840 atlparebit,
982 3769 1079 3838 atque

44 3861 130 3926 hinc
152 3858 250 3923 etiam
267 3857 304 3920 in
325 3855 448 3920 montis
465 3855 536 3919 01οε
550 3873 658 3942 parte,
691 3873 728 3919 01
743 3855 858 3922 docuit
871 3853 1029 3921 Callariut
1045 3853 1080 3917 in

48 3968 171 4046 Geogr.
187 3975 252 4023 ant.
269 3975 302 4038 3,
326 3983 380 4030 ιι,
397 3973 429 4038 5.
444 3981 476 4042 p.
492 3981 535 4022 m.
553 3972 634 4038 818.
654 3956 824 4022 Armeniae
838 3973 997 4030 montem,
1021 3955 1080 4020 ubi

48 4069 159 4130 sontes
177 4063 261 4132 sunt,
289 4081 356 4122 non
377 4058 526 4124 nominat
545 4056 727 4143 Procopius
744 4083 772 4124 0.
789 4062 810 4122 l.
837 4061 892 4121 setl
911 4057 1079 4138 1101111040

49 4189 67 4232 a
90 4161 350 4248 Theodosiopoli
373 4158 520 4226 dissitum
543 4159 659 4248 illique
683 4183 701 4224 a
722 4158 952 4246 septemtrione
970 4163 1083 4224 obver-
