2650 4896
279 423 343 488 aaa
549 407 710 471 1101111
751 407 1051 466 uxucurrcae

281 583 405 649 iontem
421 581 554 645 alterum
570 583 663 664 ponit
678 579 777 644 etiam'
790 580 993 647 Ptolemaeus
1010 577 1043 656 6,
1060 596 1096 662 3.
1136 581 1186 644 Ex
1204 581 1307 663 quibua

280 685 388 749 evin'ci
413 685 499 770 polle
526 685 670 756 videtur,
705 685 761 752 etia
784 683 1004 749 diverluehic
1028 685 1072 746 eil
1094 705 1112 746 a
1135 682 1306 769 Pahtigride

279 787 396 858 Plinii,
425 808 490 849 non
512 799 617 848 tamen
640 785 700 848 elle
717 786 923 860 Oroatidam,
954 802 988 848 et
1004 785 1171 849 dissentire
1188 783 1306 848 iuterle

279 903 314 954 et
331 909 410 974 vage
432 887 556 949 fluxum
572 889 640 949 eiua
657 889 807 950 indicare.
859 890 908 950 lta
924 886 1091 970 Choaspen
1107 903 1141 950 et
1153 887 1304 958 Eulaeum,

279 1011 378 1073 quem
394 1010 434 1052 ex
455 989 563 1056 Media
584 990 713 1051 deducit
728 991 761 1059 6.
786 1003 844 1068 51.
869 988 889 1052 1.
912 1005 972 1065 97.
999 990 1039 1051 ab
1056 989 1178 1050 Eulaeo
1204 987 1305 1070 separat

280 1091 423 1163 Pliniue,
462 1093 518 1172 qui
550 1105 652 1152 narrat
671 1105 729 1168 31,
753 1107 811 1155 91.
836 1087 857 1154 l.
876 1105 909 1171 3.
935 1089 1131 1155 Parthorum
1164 1109 1247 1176 reges
1270 1109 1303 1151 ex

279 1192 424 1275 Choalpe
445 1207 478 1254 et
493 1193 613 1254 Eulaeo
637 1205 761 1254 tantum
781 1191 905 1264 bibere.
935 1193 1022 1275 quod
1041 1193 1165 1254 Herod
1185 1212 1213 1262 1,
1232 1201 1301 1266 188.

280 1289 402 1358 desolo
420 1295 515 1357 habet
526 1292 679 1375 Choaspe,
694 1293 819 1358 Plinius
835 1294 898 1377 ipse
914 1295 946 1365 6.
964 1309 1021 1374 31.
1032 1292 1053 1357 1.
1067 1309 1127 1370 97.
1143 1293 1183 1354 de
1197 1292 1300 1354 Eulaeo

278 1395 387 1461 refert.
422 1397 463 1458 ht
476 1397 601 1480 gravina
613 1395 666 1466 eli.
688 1397 778 1477 quod
790 1397 843 1458 hic
856 1395 1026 1478 Choaspen
1040 1394 1133 1480 supra
1147 1394 1302 1458 Characem

280 1500 456 1581 oppidum,
495 1497 651 1559 Eulaeum
679 1498 712 1569 6.
738 1494 843 1560 96.1.
869 1512 927 1577 95.
961 1499 1050 1558 iuxta
1084 1496 1252 1560 Characem
1273 1496 1301 1554 iu

279 1601 406 1684 Tigrim
423 1599 562 1662 deducit.
604 1599 676 1660 Vid.
695 1598 849 1661 Haeduiu.
866 1600 905 1661 arl
920 1599 1019 1662 Plinii
1040 1601 1181 1680 priorem
1198 1599 1302 1658 locum.

279 1701 496 1764 Dialenfionee
517 1701 589 1762 illae
609 1702 722 1782 partim
746 1716 835 1762 natae
856 1701 1008 1763 videntur
1030 1721 1070 1762 ex
1096 1701 1195 1760 alveie
1220 1699 1302 1780 pluri·

280 1802 358 1874 bue,
384 1805 471 1864 varie
488 1803 632 1872 mutatio,
656 1802 770 1883 quibua
788 1821 896 1866 amnee
912 1791 975 1875 alii,
999 1803 1051 1864 vel
1067 1801 1238 1883 Euphratis
1251 1798 1303 1858 rivi

279 1905 313 1966 iu
330 1905 456 1990 Tigrim
472 1901 626 1984 feruntur,
651 1905 690 1964 de
704 1903 821 1984 quibua
835 1902 948 1984 poiiea.
1001 1906 1053 1965 De
1068 1904 1151 1972 lacu.
1174 1905 1205 1962 in
1218 1919 1302 1983 quem

279 2023 353 2070 ante
377 2009 502 2067 exitum
525 2004 555 2066 le
574 2005 727 2075 effundit,
755 2005 879 2068 Pliniue
896 2006 992 2066 etiam
1011 2006 1043 2076 6.
1057 2007 1118 2068 96.
1139 2002 1161 2065 1.
1179 2015 1234 2079 95.
1255 2000 1302 2061 uhi

279 2129 319 2193 ex
336 2107 455 2169 Eulaeo
473 2107 562 2168 simul
578 2107 679 2168 fluvio
695 2107 787 2166 illum
802 2103 885 2169 effici
902 2104 1023 2178 scribit,
1051 2109 1105 2168 cui
1120 2107 1206 2167 addit
1221 2105 1301 2180 Poly·

280 2210 379 2270 cletue
403 2206 486 2289 apud
510 2209 700 2271 Strabonem
721 2221 775 2286 ¹5·
797 2229 868 2294 pag.
886 2220 971 2286 5⁰¹·
994 2208 1015 2271 1.
1034 2219 1120 2285 798.
1140 2205 1299 2288 Choaspen.

278 2311 358 2372 Eiue
373 2312 468 2372 etiam
484 2311 636 2372 meminit
652 2309 814 2372 Nearchue
836 2331 869 2393 p.
890 2323 947 2388 57.
966 2309 1111 2387 (Hudl.)
1132 2312 1167 2370 in
1185 2311 1300 2371 Arriano

278 2411 319 2474 de
344 2412 463 2473 Indicia
486 2431 553 2495 cap.
571 2423 632 2491 49.
661 2410 787 2474 Pliniue
801 2431 829 2472 c.
845 2411 868 2474 1.
890 2430 990 2494 prope
1006 2413 1181 2475 Characem
1203 2411 1300 2470 urbem

270 2513 383 2596 ponit.
417 2513 512 2575 'ldem
530 2499 636 2588 6.31.
654 2511 676 2575 1.
696 2528 752 2588 97.
772 2514 897 2575 exitum
913 2515 945 2573 in
962 2533 1048 2574 mare
1063 2515 1193 2577 deducit
1207 2513 1300 2572 dextra

279 2615 439 2683 Characis,
462 2616 559 2696 quod,
589 2613 609 2672 ii
630 2612 787 2697 superiora
808 2615 924 2686 valent,
951 2615 992 2676 de
1012 2617 1083 2676 loco
1100 2613 1181 2677 inira
1200 2611 1299 2674 Chara-

277 2735 348 2777 cem
363 2715 499 2798 intelligi
515 2715 621 2778 debet.
661 2717 711 2777 De
725 2715 863 2779 Charace
880 2731 1004 2786 autem,
1027 2737 1127 2797 quem
1142 2716 1299 2779 Characem

276 2815 412 2888 Palinie.
442 2817 496 2878 alii
513 2816 648 2898 Spafinie
671 2831 804 2889 vocant,
831 2817 987 2899 oppidum
1001 2815 1116 2880 Perfici
1136 2817 1216 2878 finus
1237 2811 1299 2874 iuti·

276 2937 379 2990 mum,
404 2919 571 2980 conditum
587 2919 625 2979 ab
638 2919 813 2981 Alexandro
827 2919 875 2982 Μ.
891 2919 1069 2983 restitutum
1086 2919 1125 2980 ab
1142 2913 1298 2984 Antiocho,

275 3019 345 3102 poli
368 3039 384 3081 a
405 3017 532 3091 Paline.
568 3021 655 3082 unde
679 3039 799 3082 nomen
830 3020 981 3092 adhaelit,
1021 3020 1089 3082 vid.
1112 3040 1152 3082 ex
1176 3015 1298 3096 antiquie

211 3111 216 3126 '
276 3119 364 3186 Plin.
380 3123 413 3192 6.
440 3135 498 3202 51.
522 3120 542 3182 1.
564 3137 622 3198 97.
645 3141 685 3183 ex
706 3122 953 3194 recentioribus.
991 3124 1046 3202 qui
1071 3135 1220 3184 veterum
1240 3118 1298 3178 loca

276 3225 428 3308 conlegit,
453 3223 579 3286 Salmas.
594 3224 634 3285 ad
650 3224 749 3285 Soliu.
767 3243 832 3306 cap.
849 3237 907 3302 55.
922 3221 943 3287 1.
957 3225 1015 3302 56.
1035 3245 1067 3306 p.
1085 3243 1130 3286 m.
1147 3233 1227 3302 347.
1250 3214 1298 3298 qui

276 3321 446 3389 Σπασίνου
470 3322 630 3394 defendit.
666 3323 721 3386 etii
751 3325 887 3388 alterum
912 3325 1019 3407 plurea
1044 3325 1173 3387 habent.
1224 3317 1297 3382 illud

276 3439 383 3488 tamen
417 3426 571 3507 Stephani
594 3427 732 3488 maxime
757 3427 942 3488 auctoritate
972 3429 1123 3488 firmatur.
1176 3421 1296 3486 Duobus

277 3528 328 3588 alii
354 3527 439 3589 olliie
454 3529 578 3612 Tigrim
600 3530 634 3590 iu
656 3528 759 3590 sanum
780 3527 939 3592 Perficuru
963 3530 1133 3600 emittunt,
1160 3527 1197 3589 ad
1219 3523 1296 3585 culn!

276 3629 391 3690 ostium
425 3630 617 3692 occidentale
650 3641 779 3714 ponunt
804 3629 1009 3716 Teredonem
1041 3629 1172 3699 urbem.
1208 3619 1295 3685 veluti

276 3728 480 3794 Ptolemaeus
497 3742 531 3808 5,
556 3747 614 3794 9ο.
645 3752 742 3812 quam
770 3745 878 3793 tamen
899 3731 954 3792 alii
977 3731 1016 3792 ad
1038 3731 1112 3793 ollia
1142 3721 1295 3810 Euphratia

276 3831 480 3903 rraneferunt,
507 3833 541 3893 in
556 3832 672 3915 quibus
685 3833 798 3895 Strabo
815 3848 848 3895 9.
863 3852 896 3915 p.
907 3844 965 3910 55.
985 3831 1007 3893 l.
1026 3841 1085 3907 80.
1110 3834 1164 3897 16.
1180 3824 1292 3912 p.5ufi.

279 3931 299 3995 l.
318 3935 402 4012 765.
423 3953 461 3994 ex
483 3935 697 3997 Eratosthenia
717 3932 889 4005 sententia,
916 3932 1048 4013 Dionyl.
1067 3954 1100 3997 v.
1118 3945 1199 4014 959.
1225 3929 1293 3991 Stra·

276 4033 371 4097 bunia
386 4036 462 4116 epit.
484 4054 540 4098 11.
556 4057 587 4118 p.
608 4038 688 4118 146.
719 4037 774 4100 16.
794 4055 827 4119 p.
848 4051 930 4099 919.
952 4033 1094 4113 (1111111.)
1136 4035 1222 4117 Quae
1236 4027 1292 4109 qui·

277 4135 352 4196 dem
384 4135 425 4196 de
457 4139 687 4219 antiquioribue
720 4137 920 4222 temporibus
948 4138 1066 4200 valent.
1114 4135 1290 4218 Euphratem
