2746 4894
283 457 346 531 φα
553 446 713 508 mortu
755 420 1056 506 uxronrrcu‘u

287 621 387 710 Quod
415 620 538 684 minora
563 621 663 691 dicat.
700 633 734 683 st
759 621 825 685 hoc
849 623 967 685 rstioni
993 621 1036 686 cll
1066 618 1328 684 consentaneum.

289 726 495 790 Ostendimus
516 725 604 786 enim
628 725 782 794 fluvium,
808 723 861 786 vel
883 721 1006 788 fontem
1024 725 1113 785 hunc
1136 723 1330 786 Atlanticum

287 827 388 892 Dara
402 826 501 912 vulgo
517 825 636 890 soceri.
675 825 736 888 tlte
749 845 838 897 vero,
863 846 937 888 cum
955 827 1043 888 exitu
1059 839 1178 897 carent,
1206 845 1242 886 sc
1256 843 1331 884 noo·

291 947 455 1010 nunquam
478 941 564 991 totus
582 947 665 1010 pens
681 928 824 999 deliciet,
842 949 918 990 uon
933 929 1070 989 nimium
1086 928 1255 1011 benignus
1270 943 1331 987 cro-

290 1030 404 1094 codilis
419 1028 479 1092 effe
494 1029 614 1113 potest,
638 1031 694 1112 qui
712 1030 803 1092 vallis
819 1043 852 1091 et
867 1029 1048 1120 pilculentis
1063 1030 1211 1114 gaudent
1227 1026 1331 1098 alveis,

288 1152 324 1194 sc
355 1145 520 1215 propterea
555 1129 630 1194 ollis
659 1127 859 1214 potillrmum
887 1131 1051 1202 obsident,
1089 1131 1152 1192 ubi
1180 1129 1331 1214 copiolior

287 1232 423 1318 piscium
440 1247 586 1296 venatus.
638 1235 685 1295 Δα
707 1233 789 1294 hanc
811 1251 920 1295 veram
936 1231 998 1294 elle
1014 1235 1197 1302 rationem,
1230 1249 1332 1312 quam·

288 1335 402 1398 obrem
416 1335 451 1396 in
467 1335 529 1397 hoc
543 1335 679 1398 Atlantis
702 1347 842 1397 torrente
855 1335 978 1396 minora
993 1333 1071 1397 haec
1090 1335 1155 1396 lint
1178 1333 1329 1402 animalis,

284 1439 386 1501 *etism
401 1437 517 1498 exinde
532 1437 637 1520 colligi
653 1437 769 1519 potest,
795 1437 881 1518 quod
897 1437 1046 1507 flumina,
1069 1456 1153 1518 quse
1170 1437 1205 1496 in
1221 1433 1330 1494 collem

290 1539 412 1620 Libyae
427 1541 524 1602 lstere
544 1541 577 1600 in
595 1537 758 1600 Oceanum
773 1537 921 1610 effluunt,
941 1541 988 1599 uti
1004 1539 1158 1618 Zancgcu
1184 1533 1330 1602 Gomon,

290 1641 408 1720 Niger,
431 1641 608 1704 crocodilos
627 1655 660 1702 et
675 1640 925 1723 hippopotamos
941 1638 1043 1702 lerant
1059 1640 1168 1702 nihilo
1183 1633 1330 1698 Niloticis

292 1741 471 1806 inferiores.
503 1741 630 1824 Nempe
646 1743 732 1824 quod
745 1742 819 1803 alibi
833 1740 900 1804 fere
916 1744 1045 1804 evenire
1063 1741 1152 1812 solet,
1176 1755 1214 1800 nt
1227 1735 1329 1819 magui

288 1843 383 1909 fluvii
398 1843 496 1926 pilces
510 1841 613 1906 lerant
627 1863 770 1932 magnos,
789 1842 937 1930 idipsum
950 1863 1077 1927 quoque
1091 1844 1148 1906 hic
1164 1838 1327 1923 contingit.

290 1963 435 2010 vossrvs.
1138 1967 1142 1976 ·

441 2151 472 2228 §.
505 2165 540 2228 9.
603 2145 884 2232 Gntoblepus)
942 2147 1050 2231 lplum
1086 2167 1214 2210 nomen
1244 2139 1326 2204 vorle

289 2247 430 2314 effertur.
481 2249 568 2313 cnm
599 2249 715 2314 Nostro
746 2249 903 2312 consentit
928 2249 1053 2311 Plinius
1075 2261 1109 2327 8,
1139 2263 1200 2329 59.
1224 2244 1246 2308 l.
1270 2259 1323 2305 91.

288 2371 390 2436 parvo
405 2351 591 2416 discrimine
606 2352 707 2416 Solio.
723 2372 789 2435 esp.
808 2366 866 2432 35.
881 2349 902 2416 l.
920 2365 977 2432 30.
1003 2370 1100 2432 aquo
1118 2363 1252 2413 vocatur
1269 2345 1324 2407 ca-

290 2452 427 2535 topleba.
464 2455 501 2515 ln
518 2453 627 2516 Philes
644 2463 809 2532 carm.45.
829 2453 1010 2538 etGeorgio
1022 2453 1126 2516 Pilide
1141 2453 1184 2514 de
1201 2445 1323 2533 opificio

288 2555 405 2616 mundi
428 2575 461 2618 v.
478 2568 564 2634 933.
588 2548 790 2640 κατῶβλεψ.
833 2556 982 2618 Aelianus
1003 2553 1046 2615 H.
1068 2556 1106 2617 Δ.
1134 2567 1168 2629 7.
1194 2565 1228 2630 5.
1251 2547 1323 2610 dicit

137 2690 167 2711 «ι
287 2647 329 2719 τὸ
351 2649 590 2734 scintillent
613 2647 700 2717 οὕτω
730 2649 954 2746 καλούμενον,
980 2656 1028 2716 uti
1050 2656 1234 2718 Athenaeus
1249 2663 1281 2728 5.
1300 2644 1321 2710 f·

285 2775 327 2818 ox
346 2774 411 2838 quo
433 2755 485 2819 lus
508 2756 609 2818 haufit
629 2756 810 2820 Eullathius
826 2760 864 2819 ad
881 2759 1014 2820 Homer.
1033 2755 1141 2838 odyff.
1165 2777 1220 2825 ιι,
1242 2755 1320 2830 653.

286 2879 320 2942 p.
341 2858 489 2938 111465.
510 2859 553 2921 in.
596 2861 653 2940 qui
684 2873 833 2921 vocatum
867 2859 927 2922 elle
960 2858 1066 2922 lcribit
1097 2853 1320 2935 κατώβλεττα

287 2960 327 3037 (1.
345 2953 572 3039 κατώβλεπα)
593 2973 627 3022 et
651 2955 892 3036 κατώβλετταν
918 2962 960 3040 (l.
982 2954 1235 3038 κατώβλεπον.)
1272 2948 1319 3014 Cf·
1356 2983 1363 2994 ·

285 3061 383 3122 etism
398 3061 524 3124 Salmas.
543 3064 581 3124 sd
598 3062 702 3125 Solio.
718 3083 750 3144 p.
766 3083 810 3126 m.
828 3061 912 3138 976.
936 3082 976 3126 ex
995 3063 1111 3146 quibus
1131 3054 1317 3145 comparatio

284 3164 474 3248 narrationis
490 3184 564 3226 curn
578 3163 663 3226 Mela
679 3163 800 3225 institui
813 3163 926 3247 potest.

360 3363 525 3449 oculos)
560 3367 651 3429 Idem
666 3366 705 3428 de
720 3363 858 3429 basilisco
876 3366 972 3428 tradit
986 3366 1154 3430 Heliodor.
1172 3361 1313 3440 Aethiop.

285 3478 319 3546 5.
338 3487 410 3551 pag.
430 3479 512 3545 149.
531 3468 582 3531 ed.
596 3468 749 3531 Bourdel.
774 3464 937 3557 πνεύματι
959 3463 1050 3558 μόνῳ
1074 3459 1128 3532 καὶ
1150 3465 1314 3556 βλέμματι

281 3566 347 3630 τᾶν
374 3565 553 3649 α’φαυαίνει
571 3565 628 3672 stul
653 3565 848 3659 λυμαίνεται
865 3565 905 3634 τὸ
927 3561 1129 3644 ὖτοτίτταν;
1162 3571 1202 3633 de
1218 3561 1314 3630 cicada

281 3667 472 3733 Aristarchus
491 3672 574 3752 apud
588 3671 696 3734 Schol.
713 3672 753 3733 acl
769 3673 933 3737 Theocrit.
954 3693 1011 3745 ιο,
1030 3683 1087 3748 18.

359 3871 603 3956 Gorgades)
653 3877 704 3936 De
730 3873 797 3957 ipso
821 3875 955 3937 nomine
977 3871 1100 3952 (lictum
1127 3873 1171 3938 est
1191 3874 1224 3934 in
1247 3877 1308 3932 not.

280 3972 349 4034 crit.
367 3994 399 4055 p.
417 3989 501 4057 359.
538 3977 636 4047 Situs,
658 3997 752 4058 quem
768 3979 898 4060 quidem
914 3977 1000 4039 Mela
1016 3977 1129 4047 statuit,
1154 3995 1193 4036 ex
1213 3970 1251 4036 iis
1268 3971 1310 4029 in·

280 4073 452 4161 telligitur,
479 4099 559 4161 quse
586 4079 682 4144 initio
707 4081 848 4164 proximi
873 4083 985 4165 capitis
1011 4077 1233 4151 lubiiciuntur,
1256 4069 1306 4134 ubi
