2746 4894
285 385 350 452 550
558 375 723 436 uorsa
743 375 1068 446 ‚excocrrcru

287 568 393 612 unum
418 547 642 611 conteritas
664 547 734 612 Aba
755 548 867 621 Dreb,
903 552 1038 613 alterum
1064 553 1134 612 Res
1158 541 1330 641 Zuofrarre

286 649 309 716 s.
330 650 459 732 Capria
480 642 605 741 Sasran
625 652 688 713 fide
708 652 831 716 tabulae
854 654 1019 716 Turcicae.
1065 654 1214 715 Alterum
1233 653 1327 713 d’An·

286 753 366 815 ville
381 773 412 834 p.
431 767 514 830 219.
532 764 624 835 putat
639 751 698 815 esse
718 757 885 834 antiquum
906 754 1115 836 Drepanum,
1141 754 1198 814 etsi
1223 754 1330 817 Ptole·

285 873 397 917 maana
417 853 546 937 longius
570 854 647 915 hinc
662 857 701 916 ad
716 855 853 918 austrum
876 869 1052 918 removeat.
1103 853 1274 917 Strobilum
1295 867 1328 917 et

286 955 478 1034 Drepanum
494 974 606 1036 parum
625 957 821 1040 discrepant,
843 972 876 1020 et
893 959 1059 1020 Arabicam
1075 976 1190 1020 vocem
1206 954 1326 1018 diverse

285 1058 420 1120 reddere
444 1056 606 1120 videntur.

362 1251 478 1332 Μυὸς
514 1251 670 1349 ὅρμον)
720 1261 773 1323 Sic
801 1262 907 1345 ploret
934 1263 1065 1336 Graeci;
1100 1263 1205 1324 Latini
1230 1263 1323 1322 inter·

285 1373 392 1444 pretet
411 1357 519 1443 passam
541 1362 681 1422 reddunt
702 1365 799 1424 muris
808 1362 929 1456 statio.
982 1365 1095 1428 Strabo
1117 1365 1171 1426 16.
1190 1385 1221 1445 p.
1241 1376 1323 1440 529.

287 1460 309 1524 s.
330 1465 415 1543 769.
439 1457 555 1552 λιμένα
578 1477 671 1526 vocat
697 1463 819 1552 μέγαν,
851 1460 909 1528 τὸν
933 1459 1086 1530 εἴσπλουν
1108 1460 1234 1550 ἔχοντα
1255 1482 1326 1525 oao-

285 1557 371 1628 λιόν.
413 1561 465 1628 Cs.
492 1565 589 1625 etiam
619 1566 864 1650 Agatharchides
886 1568 927 1630 de
952 1567 1049 1628 rubro
1075 1569 1151 1628 mari
1177 1586 1242 1648 cap.
1262 1577 1322 1644 42.

284 1685 357 1750 pag.
375 1676 435 1748 54.
461 1664 562 1727 Huds.
602 1667 738 1732 Diodor.
763 1681 794 1744 3,
822 1683 881 1748 39.
920 1671 1041 1731 Arrian.
1073 1670 1108 1728 in
1139 1668 1251 1749 peripli
1278 1669 1322 1730 in.

286 1767 407 1830 Urbem
424 1768 533 1851 portui
549 1765 635 1830 suilla
651 1769 839 1850 adpositam,
867 1772 962 1832 docet
981 1770 1093 1832 Strabo
1114 1786 1170 1840 17.
1188 1789 1219 1850 p.
1238 1769 1321 1845 560.

285 1866 308 1932 s.
327 1880 412 1946 815.
456 1869 649 1952 Simpliciter
681 1873 1052 1934 commemorant-Plio.
1078 1872 1110 1940 6,
1139 1883 1196 1949 53.
1222 1868 1241 1928 s.
1265 1885 1322 1948 29.

285 1969 425 2033 Ptolem.
436 1981 470 2050 4,
483 1983 516 2047 5.
544 1970 652 2032 Postea
665 1972 766 2034 dictus
783 1973 867 2033 idem
884 1973 926 2035 esi
938 1967 1130 2056 ’Δφροδὶτης
1145 1965 1253 2058 ὅρμος,
1276 1969 1323 2031 uti

286 2073 453 2134 adfirmant
470 2072 583 2134 Strabo
600 2073 633 2132 in
654 2075 752 2155 priori
775 2074 862 2143 loco,
889 2075 1135 2158 Agatharchides
1153 2093 1179 2132 c.
1201 2073 1221 2132 l.
1264 2070 1323 2132 Ne·

285 2193 347 2254 que
370 2187 476 2236 tamen
493 2176 652 2254 antiquius
667 2193 788 2237 nomen
805 2176 1006 2239 obliteratum
1030 2173 1135 2244 suilse,
1165 2192 1204 2234 ex
1225 2172 1323 2255 polle·

285 2273 425 2336 rioribus
446 2276 626 2339 auctoribus
650 2277 794 2359 adparet,
828 2277 882 2338 etti
904 2279 1072 2339 recentiori
1097 2276 1228 2338 nomine
1258 2271 1322 2334 solo

285 2378 435 2459 producit
453 2377 614 2438 Diodorus
629 2398 655 2440 c.
676 2378 698 2440 l.
753 2379 843 2438 Hanc
864 2378 975 2439 urbem
994 2393 1027 2438 et
1050 2377 1174 2458 Copton
1191 2377 1223 2433 in
1248 2395 1321 2434 cou-

286 2479 443 2540 vehendis
459 2498 497 2540 ex
517 2479 623 2548 ludia,
649 2479 761 2541 Arabia
775 2493 808 2541 et
823 2479 991 2561 Aethiopia
1011 2481 1168 2538 mercibus
1185 2476 1321 2536 celeber·

285 2579 401 2639 cimam
416 2577 467 2640 sua
484 2593 582 2642 aetate
597 2579 670 2641 lacit
684 2580 795 2644 Strabo
818 2596 870 2654 17.
889 2601 915 2642 c.
932 2583 954 2643 l.
1006 2582 1055 2640 De
1069 2577 1157 2642 cansa
1180 2578 1321 2640 nominis

187 2705 191 2715 ·
284 2678 362 2740 haec
379 2679 530 2743 Stuckius
545 2681 582 2742 ad
598 2683 720 2750 Arriani
735 2683 893 2764 peripsum
909 2682 1036 2760 Erythr.
1052 2701 1129 2742 mar.
1148 2701 1177 2761 p.
1197 2693 1230 2740 a.
1270 2680 1321 2740 Sic

283 2778 388 2842 sorsan
405 2782 524 2852 dictus,
549 2784 601 2846 vel
616 2783 658 2846 ob
679 2785 820 2845 murium
836 2785 1050 2851 marinorum,
1077 2801 1156 2864 quos
1170 2779 1322 2840 nonnulli

284 2882 401 2945 volunt
422 2881 482 2946 else
506 2883 676 2946 testudines
698 2885 841 2954 lutariae,
873 2884 1114 2952 abundantiam,
1144 2882 1322 2960 dequibus

283 2983 408 3048 Plinius
422 3001 456 3064 9,
486 3004 539 3064 ¹9·
573 2999 627 3062 ¹5·
657 2989 715 3063 65.
741 2983 873 3074 [32,4.
896 2984 917 3047 s.
941 2977 1016 3070 14]
1051 2985 1103 3046 vel
1125 2985 1198 3064 qnia
1217 2982 1323 3044 muria

282 3082 419 3148 sormam
433 3099 526 3168 utque
543 3089 674 3170 figuram
691 3087 811 3157 habuit,
833 3087 884 3148 vel
900 3089 994 3148 etiam
1011 3088 1083 3166 qnia
1099 3084 1243 3146 muribus
1259 3081 1322 3142 snit

283 3185 494 3260 consecratus.
547 3188 630 3250 Nam
653 3207 759 3251 mures
778 3207 906 3271 quoque
928 3207 985 3270 pro
1004 3189 1073 3250 Diis
1094 3188 1198 3248 cultos
1219 3183 1319 3254 soille,

280 3288 367 3350 tellis
389 3288 432 3350 eli
447 3288 601 3367 Gyraldua
616 3292 648 3352 in
670 3291 796 3372 historia
811 3292 953 3352 Deorum
971 3287 1123 3373 syntagm.
1143 3303 1176 3360 7.
1225 3285 1319 3347 Unde

281 3389 397 3470 Apollo
424 3391 611 3452 Smintheus
635 3388 698 3452 suit
728 3393 983 3478 cognominatus.
1037 3389 1200 3450 Sminthea
1230 3388 1319 3447 enim

283 3489 450 3560 Cretenses
476 3511 581 3554 mures
611 3505 740 3555 vocant.
800 3493 965 3576 Aegyptiis
996 3505 1103 3552 autem
1128 3491 1226 3550 multa
1254 3487 1318 3548 ani·

282 3594 416 3654 malium
434 3593 623 3655 terrestrium
642 3607 675 3656 et
694 3595 882 3676 aquatilium
898 3589 1018 3653 divinis
1039 3592 1214 3653 honoribus
1229 3586 1318 3648 fnisse

282 3695 383 3764 culta,
411 3691 480 3756 satis
502 3693 655 3777 superque
679 3696 807 3760 constat,
859 3695 898 3755 ln
919 3694 1076 3755 hodierno
1100 3693 1234 3752 nomine
1258 3691 1318 3750 dis·

281 3793 422 3857 sentiunt
439 3797 630 3882 Geographi.
681 3795 898 3881 Quibusdam,
925 3807 962 3854 ut
985 3794 1103 3855 Huetio
1123 3797 1158 3854 in
1180 3793 1249 3864 hist.
1275 3793 1318 3850 du

281 3915 462 3958 commarca
479 3898 528 3963 ch.
545 3908 606 3977 49.
623 3918 653 3979 p.
668 3911 751 3977 317.
768 3898 801 3960 b.
817 3897 860 3958 esl
877 3887 1012 3984 Coffeir,
1035 3895 1121 3976 quod
1136 3897 1190 3956 alii
1203 3903 1316 3977 putant

281 3996 464 4059 Philoteras
495 4013 610 4078 portus
634 3999 808 4062 Ptolemaei
829 4007 862 4078 4,
887 4009 920 4072 5.
977 3998 1019 4057 At
1044 3997 1118 4076 quia
1152 3999 1253 4081 magis
1277 3990 1316 4052 ad

281 4096 543 4184 septemtrionem
560 4099 638 4164 haec
653 4100 721 4164 loca
738 4098 927 4187 spectabant,
954 4089 1073 4189 Coffeir
1089 4100 1197 4182 potius
1213 4095 1315 4160 album
