2650 4896
139 433 195 496 rtt
220 437 367 498 ΡΟΜΡ.
397 439 504 498 ttat.
546 439 656 496 Lm.
698 439 804 502 c‚v1.
840 437 923 516 '5-9·
996 449 1058 516 sap

23 613 89 674 dem
106 609 195 670 favet
209 630 345 674 nornen
368 609 567 676 hodiernum
581 612 676 698 snpra
696 628 935 682 memoratum,
962 609 1053 696 quod

22 707 209 796 abantiquis
231 729 457 798 propagatum
473 730 506 777 et
518 731 691 800 exceptum
706 713 867 780 rideatur.
908 716 947 775 tt
961 709 1053 773 idem

22 808 173 874 transferri
200 811 312 876 etiam
339 815 434 899 postu
459 815 500 878 ad
525 813 715 888 islandiam,
751 819 789 889 tt,
823 813 913 900 quod
935 815 1051 876 Ponta-

22 935 73 976 ous
93 935 119 976 c.
140 914 161 974 L
186 935 221 998 p.
239 917 333 997 746.
351 931 461 990 notat,
492 917 646 980 exstantes
670 915 794 1002 scopuli
816 915 904 980 circa
923 910 1051 976 Daniae

20 1011 208 1096 Nortvegiae
237 1037 320 1078 oras
354 1015 491 1081 omuino
526 1019 640 1102 Thnyle
673 1020 885 1103 adpellantur.
949 1011 1051 1098 Quod

23 1113 192 1188 obiiciunt,
231 1117 418 1181 islandiam
448 1116 638 1182 hominibus
665 1141 803 1185 vacuam
833 1134 867 1180 et
891 1116 1051 1178 desertam

20 1215 114 1286 fitilse,
140 1237 206 1280 nec
227 1234 312 1282 ante
335 1240 457 1282 annunt
477 1218 594 1284 Christi
613 1231 695 1301 874
714 1217 773 1282 ulli
791 1216 975 1303 cognitam,
1001 1213 1051 1276 in·

20 1316 105 1400 fregit
125 1319 214 1382 harro
237 1319 485 1384 dubitationem
505 1339 617 1386 contra
636 1326 735 1384 lonae
753 1317 917 1404 Arngrimi
934 1314 1051 1383 similes

21 1416 254 1502 disputationes
285 1425 454 1485 Pontanus
477 1443 547 1507 pag.
567 1437 650 1502 753.
701 1425 861 1486 Incultum
885 1417 1050 1482 etiamad

21 1533 136 1602 ternpus
159 1519 249 1583 illud
274 1522 431 1586 concedit
453 1522 639 1586 Harduinus
662 1525 702 1586 ad
724 1519 973 1602 Pti11.4.30.t.
995 1519 1049 1584 16.

21 1617 214 1703 incognitam
235 1621 335 1686 inille
355 1640 461 1708 negat.
503 1625 603 1710 Quod
619 1623 740 1687 Martin
758 1623 793 1687 in
809 1623 879 1686 hist.
895 1623 951 1684 deo
967 1620 1050 1682 Gau·

26 1723 64 1782 les
78 1723 115 1784 Τ.
137 1745 166 1788 ι.
190 1744 224 1806 p.
245 1737 331 1806 159.
356 1740 423 1790 not.
441 1747 469 1788 c.
494 1727 603 1789 Gallos
624 1727 696 1789 snos
719 1745 758 1788 eo
780 1721 890 1795 ducit,
918 1717 997 1785 facit
1014 1716 1052 1781 id

26 1821 143 1906 quidem
165 1824 227 1886 suo
251 1847 348 1888 more
369 1843 403 1890 et
419 1825 539 1912 patriae
560 1825 681 1912 cupido
705 1823 802 1888 nimis
818 1821 932 1887 [ludio.
983 1821 1053 1884 Nec

26 1925 148 2001 Pytheas
165 1945 205 1986 ex
227 1930 413 2011 proposito,
439 1928 492 1990 sed
514 1945 635 1990 temere
654 1925 765 2013 potins
783 1943 816 1988 et
830 1925 904 1988 calu
921 1922 961 1985 ad
978 1941 1051 1983 eam

29 2025 156 2108 adlapsus
173 2025 332 2100 videtur,
363 2027 421 2090 nbi
444 2027 518 2094 talia
538 2031 578 2091 ad
594 2027 863 2112 disceptationem
879 2021 963 2086 trahi
982 2043 1050 2085 non

29 2127 158 2206 poliunt,
194 2131 253 2190 etsi
278 2126 403 2193 incolas
426 2151 502 2192 enm
526 2127 572 2192 ibi
594 2127 838 2216 deprehendisse
858 2149 898 2188 ex
916 2119 1049 2188 Gemini

30 2221 141 2308 ilagoge
158 2248 232 2312 cap.
252 2244 287 2310 5.
309 2233 460 2314 adparet,
491 2228 548 2294 ubi
569 2229 635 2316 ipsa
652 2233 791 2310 Pytheae
809 2231 906 2291 rerba
923 2228 1050 2288 datttur.

30 2325 121 2388 iliam
136 2327 239 2392 etiarn
255 2351 294 2394 ac
310 2330 523 2415 Noruegiam
537 2330 700 2396 intellexit
711 2329 849 2400 Plinius,
869 2325 925 2413 qui
939 2337 975 2406 4,
992 2342 1050 2402 30.

34 2426 117 2492 lid.
140 2449 157 2490 a
179 2431 335 2506 Scaudio,
370 2431 641 2508 [scandinavia
677 2430 754 2495 alibi
777 2435 894 2513 limgo,
926 2425 1050 2508 Nerigo

33 2525 203 2614 distinguit,
234 2533 457 2618 etaNerigo,
489 2556 585 2620 quarn
602 2530 817 2616 Norwegiant
840 2531 900 2592 elle
921 2524 1051 2590 vixdu-

34 2625 114 2690 bitari
132 2635 247 2714 potest,
271 2635 395 2717 (Noreg
415 2634 448 2698 in
468 2633 639 2697 annalibus
655 2631 837 2714 lslarnlicis)
863 2629 899 2692 in
917 2629 1051 2690 Thulen

36 2729 165 2814 ordgari
188 2735 349 2798 adfirmat.
399 2739 436 2798 ln
452 2757 517 2820 quo
533 2752 724 2820 argumento
742 2731 930 2802 evertendo,
956 2727 1051 2792 cuins

38 2833 150 2911 pondus
167 2834 330 2908 sentiunt,
354 2836 436 2899 mire
458 2837 488 2899 ie
511 2852 665 2922 torquent
679 2833 878 2918 Norwegiae
897 2833 1051 2898 fautores,

38 2933 81 2992 vel
98 2934 283 3019 fimpliciter
303 2955 432 3021 negant.
495 2940 584 3000 Tum
606 2958 684 2999 vero
708 2935 838 3020 egregie
862 2932 1052 3014 suffragetur

41 3031 220 3122 adinvetque
240 3039 338 3110 Mela,
366 3042 460 3125 lipro
474 3041 638 3102 Belcarum
656 3041 740 3122 legas
763 3039 946 3117 Ilergetum,
972 3048 1051 3116 quo·

3 3159 4 3168 ¹
41 3151 102 3196 runt
120 3133 206 3200 litori
225 3141 386 3224 obposita,
412 3137 470 3203 nist
492 3137 552 3228 alia
571 3139 713 3208 obstent,
740 3139 781 3199 de
798 3132 916 3222 quibus
933 3131 974 3196 ad
994 3127 1051 3190 fin.

43 3231 123 3297 ttiud
138 3257 365 3323 argumentum
381 3242 422 3304 de
443 3240 582 3304 Isiondia
598 3237 716 3324 repetit
734 3241 926 3300 Manatertus
943 3255 975 3316 p.
993 3241 1051 3306 82.

3 3367 4 3370 ¹
43 3351 75 3395 et
96 3337 232 3416 Pytheae
256 3339 383 3415 reditu,
415 3341 491 3428 qui,
523 3339 781 3423 fiNorwegiant
806 3332 971 3418 tetigiliet,
996 3328 1053 3392 rix

45 3452 117 3500 mare
133 3437 216 3504 inter
232 3441 333 3526 ipsam
347 3449 379 3506 e't
392 3441 593 3506 Britanniam
609 3440 818 3504 interiectum
835 3456 910 3500 cum
927 3434 1052 3495 summo

45 3533 171 3616 Pericttlo
193 3541 370 3627 relegiliet,
401 3544 454 3606 [ed
474 3542 583 3628 potius
607 3541 697 3604 iuxta
719 3541 814 3604 litora
833 3533 1051 3618 renavigassim

47 3655 114 3718 quae
134 3644 172 3705 ad
195 3645 302 3708 Gades
323 3665 426 3729 usque
455 3643 685 3729 porriguntur3
724 3659 794 3704 tum
819 3660 896 3699 vero
920 3635 1053 3697 Thulen

5 3797 7 3830 ,
46 3731 162 3806 insulam
185 3761 299 3831 putare
324 3743 462 3807 minime
484 3743 654 3830 potuillet;
692 3745 746 3805 etsi
771 3733 973 3804 Britanniam
996 3756 1053 3817 per

5 3833 7 3882 ἶ
49 3833 148 3906 lretum
172 3863 284 3910 vectus
305 3845 403 3910 facile
428 3845 595 3930 adtingere
621 3859 766 3929 poteram
809 3861 916 3924 neque
937 3833 1053 3898 diserte

50 3931 166 4009 insulam
185 3963 361 4012 vocaverat
380 3947 455 4010 telle
478 3949 636 4010 Strabone
656 3965 686 4008 2.
705 3967 736 4028 p.
758 3954 814 4020 78.
832 3939 852 4002 i.
872 3951 950 4020 114.
991 3937 1054 3998 Ne·

52 4042 123 4118 gavit
141 4063 245 4112 tamen
267 4047 367 4112 etiam
387 4047 546 4110 d'Anville
563 4069 591 4112 c.
607 4049 628 4110 l.
649 4067 721 4131 pag.
737 4055 821 4123 44¹·
843 4036 1016 4104 islandiam
1038 4057 1056 4098 ἃ

51 4135 153 4220 Ptthea
172 4147 339 4236 cognitam
358 4146 467 4226 fuine,
493 4169 593 4240 quem
605 4145 683 4214 vide
698 4147 739 4210 de
754 4141 892 4208 lalandia
907 4139 1056 4228 pluribus

7 4567 10 4618 l
