2650 4896
99 433 599 548 intonuerunt-111.
640 435 744 498 ovi·
785 436 915 514 iou·
969 446 1031 514 ene

18 627 80 674 uem
102 628 171 672 cum
196 607 336 680 Neurie,
370 608 513 672 Gelonis.
562 608 730 694 Proprium
756 627 877 673 nomen
897 607 1032 697 agnovit

18 714 99 776 etiam
117 707 266 774 Priscian.
286 731 322 774 v.
338 725 422 788 301.
456 723 488 771 at
507 709 647 774 Avienue
669 733 701 774 v.
721 713 805 794 446.
826 713 868 773 ad
889 713 1032 778 Gelonos

18 811 95 876 refert
116 815 279 895 proximos
311 814 470 894 vertitque
496 811 619 884 celeres.
645 817 745 896 (quoe
770 813 910 876 volucres
935 829 1033 878 vocat

17 915 116 974 Lucan.
128 929 159 994 3,
175 917 287 994 283.)
309 915 358 974 nti
371 913 592 996 Paraphrastee
608 916 648 975 ad
664 915 801 986 Neuroe.
818 917 840 977 i.
856 935 885 977 e.
902 915 1032 1001 ταχεῖς.

17 1007 186 1102 ἢίσχυροῠς
208 1009 315 1090 πόδας
334 1009 478 1099 ἔχοντες.
521 1015 653 1079 Nomen
675 1029 783 1080 tamen
804 1018 969 1102 proprium
984 1018 1032 1081 ibi

15 1116 109 1198 probet
123 1117 291 1181 Schrader.
309 1117 349 1178 ad
359 1118 474 1180 Avien.
492 1135 519 1180 c.
536 1117 559 1180 l.

73 1319 253 1402 Panoti)
313 1323 363 1383 De
392 1321 493 1384 verbo
525 1335 558 1384 et
587 1318 773 1402 synonymi·
800 1322 834 1386 iu
864 1333 934 1386 not.
961 1323 1030 1386 crit.

16 1433 73 1502 pag.
91 1422 155 1499 196
172 1420 238 1504 sqq.
280 1421 404 1485 Omnee
424 1425 457 1484 in
480 1440 520 1485 eo
545 1425 760 1495 conveniunt,
793 1443 882 1488 auree
903 1425 943 1488 iit
964 1435 1033 1486 tant

18 1521 122 1601 patulae
138 1520 238 1594 iuiffe,
266 1536 304 1584 ut
321 1525 461 1586 interdiu
475 1543 532 1606 pro
553 1523 751 1595 vestimento,
775 1540 874 1587 noctu
890 1544 948 1608 pro
963 1525 1034 1588 iira-
1117 1509 1120 1516 ⁵

1 1643 2 1651 ¹
19 1620 91 1703 gula,
113 1623 211 1687 aestuo
228 1627 370 1706 denique
389 1642 532 1708 tempore
549 1644 607 1708 pro
630 1627 814 1688 umbraculo
828 1626 900 1710 ipsre
917 1624 1035 1688 suffice·

19 1735 83 1782 rent.
128 1724 272 1798 Mirum,
299 1729 386 1808 quoti
408 1747 473 1788 non
496 1729 594 1788 etiam
617 1726 745 1788 auribue
760 1745 816 1789 eoo
836 1728 943 1790 volate
962 1745 1035 1809 pto·

21 1819 146 1888 diderint.
184 1827 309 1900 Porro,
332 1841 368 1888 ut
385 1826 484 1890 solent
499 1829 650 1888 miracula
668 1831 821 1912 migrare.
848 1829 892 1888 ita
907 1845 1035 1911 quoque

22 1923 126 1986 ethaeo
140 1927 254 1992 Midae
271 1931 440 2014 progeniee
453 1947 492 1991 ex
507 1930 599 1990 India
612 1931 646 1989 in
662 1927 922 2011 septemtrionem
936 1942 1035 1993 trane·

22 2019 124 2086 letacii
140 2047 157 2088 u
174 2029 351 2092 Graeculis.
387 2031 453 2113 Qui
468 2033 555 2091 enim
570 2031 666 2113 primi
685 2031 804 2091 auritae
820 2029 917 2094 huiue
931 2031 1037 2115 gentio

23 2129 200 2190 mentionem
214 2128 337 2201 iecere,
362 2132 415 2192 aiii
430 2133 462 2190 in
481 2132 572 2192 india
589 2149 660 2191 eam
677 2131 890 2201 collocarunt.
916 2145 950 2194 et
962 2129 1036 2196 fane

24 2221 93 2286 illinc
113 2231 201 2314 origo
222 2233 321 2296 huius
341 2231 474 2294 fabellae
497 2233 540 2293 eii
558 2231 744 2296 arcessenda.
797 2231 926 2294 Constat
947 2235 1036 2296 enim

25 2329 91 2404 apud
113 2347 242 2406 omnes,
270 2354 368 2416 quam
390 2335 516 2417 pandae
531 2346 564 2394 et
587 2333 753 2415 promiti-ue
769 2332 829 2394 imt
844 2333 1036 2396 Mniebarro·

24 2442 80 2485 mm
94 2447 190 2495 auree.
228 2435 369 2499 Ornatui
383 2435 501 2515 aliquid
521 2433 621 2496 deeffe
638 2434 830 2506 existimant,
850 2433 908 2496 nifi
925 2437 1036 2497 utrim-

25 2543 74 2602 que
91 2529 239 2599 humeros
262 2556 329 2598 non
356 2538 545 2620 contingant
566 2536 682 2606 modo,
716 2555 830 2597 verum
858 2535 954 2598 etium
973 2537 1037 2601 leto

28 2623 175 2710 flagellent.
203 2657 348 2700 voeerve.
400 2637 463 2698 Ubi
477 2637 599 2697 Pliniue
614 2649 730 2718 ponat,
757 2637 966 2698 antedictum
981 2638 1035 2703 est.

26 2725 117 2794 iiiior.
136 2755 190 2808 ιι,
214 2752 250 2817 3.
276 2741 310 2801 in
333 2739 479 2817 Scythia,
513 2737 546 2798 in
571 2737 662 2798 india
685 2737 800 2800 Strabo
825 2751 880 2815 15.
901 2759 933 2821 p.
949 2749 1036 2818 489.

28 2821 44 2886 f·
60 2842 95 2904 7ι
107 2853 132 2897 ².
158 2839 192 2899 in
211 2837 387 2903 Caiiiornia
409 2839 486 2900 tulee
508 2836 567 2898 effe
587 2832 682 2900 refert
695 2839 880 2900 Horduinue
893 2839 932 2899 ad
952 2839 1037 2906 Ptin.

1 2981 2 2984 η
26 2934 53 3006 lt,
69 2945 115 3004 ¹7·
130 2935 151 3000 i.
172 2953 228 3019 15.
257 2942 291 3002 in
305 2938 475 3001 Muiabaria
492 2941 615 3020 quaerit
629 2939 820 3010 Schloetzer‚
842 2939 926 3022 apud
941 2941 1037 3001 Tata-

1 3113 2 3119 .
26 3044 68 3090 roe
80 3031 279 3104 Caimultkoe
295 3041 450 3122 Kappiue.
502 3039 664 3101 Vadianue
681 3041 720 3100 ad
742 3040 774 3104 h.
797 3041 819 3104 l.
840 3058 954 3103 eorum
978 3055 1039 3101 tre·

1 3159 2 3218 3
28 3141 99 3194 ctum
112 3143 269 3204 memoria
284 3141 410 3213 saltem,
432 3141 535 3202 finon
551 3139 727 3222 praesentia
742 3160 849 3204 rerum
864 3142 1038 3204 vernaculo

28 3227 248 3315 Biioppeuland
264 3255 414 3306 vocatum
432 3253 535 3326 putat,
560 3243 729 3327 congelato
744 3242 827 3303 mari
842 3241 1038 3325 proximum.

1 3351 2 3364 ¹
29 3326 214 3406 Occafiouern
238 3341 365 3406 fabulae
390 3343 505 3405 dediiie
529 3355 621 3426 putat
650 3343 840 3406 Dithmarue
868 3341 908 3402 ed
932 3342 1039 3404 Taciti

32 3427 159 3505 German.
180 3465 249 3528 cup.
267 3448 326 3525 46.
361 3446 447 3527 quod
469 3443 593 3528 frigorie
618 3442 707 3504 causa
733 3444 881 3508 homiues
903 3439 1038 3526 [eptem-

30 3532 158 3605 trienne·
177 3547 314 3628 pellibue
328 3544 467 3609 ferarum
483 3545 529 3607 ita
544 3543 575 3607 ie
591 3557 676 3608 totoe
692 3544 905 3616 involverint,
933 3545 1039 3605 utrix

1 3681 2 3684 ,
30 3633 118 3701 men
136 3645 376 3732 conspiceretur.

179 3851 210 3930 ς.
237 3869 272 3930 9.
326 3845 497 3931 Thule)
546 3847 600 3912 Gr.
622 3843 745 3937 Ootiiry.
785 3841 904 3910 Paffim
929 3861 1038 3910 tamen

34 3939 114 4006 “hm
135 3953 290 4034 reperitur
310 3951 346 4014 in
371 3951 461 4014 iibrie
489 3949 600 4032 Thyle,
634 3953 682 4011 uti
709 3947 805 4011 babet
831 3947 913 4012 Cori.
937 3949 1035 4011 Rom.

35 4035 138 4127 Virgilii
152 4051 266 4138 Georg.
286 4065 392 4130 1,30.
413 4051 488 4114 teste
505 4051 611 4113 Pierio
633 4064 665 4114 et
685 4049 756 4112 libri
775 4050 861 4132 apud
876 4049 1036 4121 solinum,

35 4131 209 4218 Mattianum
225 4167 259 4218 et
272 4153 415 4218 Plinium
431 4159 567 4218 notante
587 4151 737 4217 Saturne
754 4152 794 4215 ad
810 4150 912 4216 Solia.
929 4169 956 4216 c.
974 4165 1038 4216 ΩΒ.
