2748 4888
151 441 214 498 na
241 441 377 498 eona.
407 439 514 498 nant.
555 441 668 498 Lm.
711 440 744 499 c.
766 443 805 498 11.
846 439 926 518 aa.
1024 441 1064 506 σι

18 613 280 702 anguinea·
295 614 522 699 saepenumero
538 615 716 698 adpellaret,
742 615 783 679 de
804 635 869 698 quo
891 613 933 682 ci.
949 615 1065 684 Cicero

20 719 57 780 d
70 720 135 780 Att.
156 738 194 790 1,
213 733 250 789 7.
273 721 311 779 ad
326 717 441 784 divers.
456 738 489 798 7,
508 715 598 783 tuf.
625 717 738 780 Strabo
752 729 786 796 4.
804 739 837 801 p.
853 718 967 798 1351.
983 737 1064 802 192.

1 817 72 882 H.
82 818 182 882 Coei.
201 821 243 882 de
257 819 295 882 B.
307 821 345 882 G.
361 839 391 891 t,
402 833 462 900 53.
493 817 546 882 Cf.
556 819 681 882 Manat.
695 820 734 880 ad
750 819 818 882 Cic.
831 821 870 882 ad
884 824 949 885 Att.
959 837 992 896 7,
1005 842 1063 886 ιο.

9 919 164 1004 Respicit
191 921 256 983 hoo
275 923 417 986 Eumen.
441 923 475 983 in
498 932 576 985 orat.
596 940 655 1004 pro
675 920 801 984 restant.
825 919 920 986 [ahoi.
942 943 1010 1006 nep.
1027 933 1064 1004 4.

7 1035 42 1084 et
64 1026 105 1083 in
130 1025 262 1106 gratier.
283 1039 342 1084 act.
364 1024 403 1085 ad
427 1021 624 1086 Constantio.
644 1024 727 1108 Aug.
747 1041 775 1084 a.
794 1037 826 1092 a,
847 1033 882 1102 4.
905 1025 1066 1088 Fratemi·

4 1125 95 1185 eatis
111 1137 227 1186 autem
243 1143 364 1186 nomen
381 1122 461 1187 [alae
470 1124 632 1186 Gallorum
646 1143 720 1186 cum
729 1123 885 1188 Romania
899 1123 1064 1208 usurpass'e,

16 1262 17 1267 κ
46 1227 144 1288 ’moe
165 1228 265 1286 etiam
285 1243 400 1302 eorum
418 1227 468 1286 ina
492 1224 671 1287 [enatorum
694 1226 728 1286 in
751 1224 829 1288 urbe
853 1227 983 1309 adeptae
1003 1227 1066 1292 eii·

5 1324 96 1402 (snb
120 1327 282 1404 Claudio)
307 1339 399 1388 notat
427 1327 529 1388 Tacit.
560 1327 674 1390 Annei.
697 1347 752 1397 tt,
778 1339 836 1404 25.
873 1347 1065 1412 qumquam

5 1429 105 1508 qnod
131 1429 214 1488 dicit
226 1418 334 1518 solos,
367 1428 399 1488 id
420 1427 459 1490 ad
473 1428 634 1490 Arvernae
655 1427 746 1488 fimat
761 1441 793 1490 et
814 1427 952 1492 Batavoe
968 1431 1064 1512 perti·

4 1527 119 1590 nuiffe
142 1529 241 1591 docet
263 1531 300 1590 ad
322 1531 471 1590 Tacitum
490 1528 613 1610 Lipsiae
632 1548 673 1591 ex
690 1529 802 1611 lepidio
821 1533 917 1592 etiam
940 1528 1065 1612 antiqui

6 1629 244 1710 inscriptione.
280 1629 473 1692 foederatos
488 1630 626 1712 adpellat
644 1629 730 1694 Plin.
746 1639 781 1712 4,
797 1643 855 1708 52.
874 1629 894 1694 i.
919 1642 973 1707 ιθ.
1013 1635 1064 1696 De

10 1729 87 1800 iim,
104 1733 196 1792 inter
209 1733 329 1793 Ararim
347 1733 490 1810 (Saone)
506 1745 539 1793 et
556 1731 676 1794 Dubim
691 1734 828 1809 (Doux)
845 1751 901 1795 eoa
918 1733 1075 1795 conlocat-

12 1831 134 1894 Strabo
152 1841 192 1910 4.
210 1853 280 1916 pag.
301 1847 382 1911 155.
402 1831 422 1894 i.
445 1851 523 1912 192.
550 1852 646 1914 quem
662 1835 737 1895 ideo
752 1846 923 1915 praeeunte
944 1835 1064 1898 Valeiio

12 1953 47 2016 p.
64 1949 102 2010 3.
118 1953 149 1994 e.
169 1934 193 1995 1.
218 1948 306 1995 notat
325 1935 487 1996 d’Anville
502 1953 534 2015 p.
550 1947 607 2014 55.
630 1953 656 1996 c.
679 1935 701 1996 1.
722 1954 796 1996 cum
818 1937 934 1996 reatina
957 1935 1065 1996 dicen·

12 2035 97 2096 dum
122 2033 233 2095 fuiffet
254 2037 336 2097 inter
350 2036 472 2098 Ararim
491 2033 542 2098 [eu
562 2037 738 2116 Sequanam
759 2049 792 2097 et
807 2035 958 2122 Ligerim.
1013 2038 1065 2100 De

13 2136 130 2219 ligeri
155 2135 243 2197 adet}
263 2139 359 2198 etiam
377 2127 594 2199 testimoninm
610 2139 637 2200 1.
654 2135 791 2200 Caesarie
807 2139 846 2200 de
861 2138 899 2199 B.
919 2137 958 2200 G.
979 2152 1011 2211 7.
1028 2147 1062 2214 5.

15 2238 107 2300 tlibi
128 2236 247 2298 Strabo
261 2249 295 2316 4.
319 2258 351 2319 p.
372 2251 451 2316 134.
470 2236 491 2298 s.
515 2249 594 2316 ¹93·
618 2239 744 2300 vicinae
765 2239 804 2299 ab
826 2253 958 2320 utraque
974 2253 1063 2320 parte

16 2335 93 2400 iacit
111 2339 276 2422 Lingonas
291 2354 324 2399 et
339 2337 510 2418 Sequanae.
539 2339 603 2400 Ubi
616 2339 714 2401 hodie
727 2338 800 2401 fitue
815 2345 923 2421 quaeri
938 2341 1063 2411 debeat,

17 2440 115 2501 docet
131 2439 227 2509 urbe,
251 2459 346 2521 quam
370 2439 486 2502 Noster
505 2441 665 2523 adiungit,
692 2439 962 2534 Aagzfiodtmam.
1014 2443 1064 2504 lte

17 2543 118 2603 etiam
133 2541 275 2602 Ptolem.
290 2557 323 2610 a,
342 2550 376 2615 8.
392 2540 412 2603 s.
433 2543 549 2604 Aeduis
565 2561 634 2603 eam
651 2541 780 2615 tribuit;
804 2543 929 2606 Plinius
946 2543 1063 2614 omisit,

19 2645 76 2724 qni
100 2642 240 2704 omnino
260 2643 313 2702 hia
331 2661 434 2704 macer
451 2641 502 2704 est.
544 2643 657 2705 Straba
672 2651 706 2721 4.
729 2663 761 2724 p.
782 2650 861 2722 155.
881 2641 901 2706 i.
925 2658 1004 2722 192.
1028 2645 1064 2706 in

20 2744 141 2806 Λυδαῖς
156 2757 315 2805 memorat
329 2744 440 2804 urbem
455 2740 653 2806 Catullinum
670 2757 702 2805 et
719 2743 875 2806 castellum
886 2741 1063 2818 Bibraetae

22 2845 125 2906 lulius
147 2843 238 2906 Caes.
260 2846 300 2906 de
323 2843 360 2906 B.
386 2845 426 2906 G.
452 2864 479 2915 1,
505 2857 562 2924 23.
595 2841 744 2906 Bibracte
763 2845 919 2926 oppidum
947 2862 1063 2908 eorum

23 2961 117 3008 votat
139 2945 234 3026 longe
257 2947 429 3006 anaximum
446 2967 485 3005 ac
503 2939 751 3035 copiofiffimum,
784 2961 818 3006 et
841 2959 875 3020 7,
893 2959 952 3022 55.
970 2945 1063 3026 oppi-

25 3047 97 3108 dum
120 3047 283 3107 mannmae
302 3048 518 3108 auctoritatis.
555 3047 646 3107 ldem
666 3059 698 3123 5,
717 3061 750 3122 7.
774 3047 918 3107 civitatis
936 3045 1063 3108 Aeduae

24 3150 191 3218 meminit,
215 3162 253 3208 ut
268 3144 381 3210 Sidon.
399 3147 573 3228 Apollinea.
592 3159 626 3223 5.
647 3145 733 3229 epist.
749 3166 782 3226 9.
799 3148 844 3210 in.
871 3147 926 3208 ubi
944 3147 1061 3210 Severo

26 3250 63 3312 de
79 3249 312 3334 augustoduno
329 3248 489 3332 intelligit,
516 3248 571 3311 etfi
590 3249 682 3309 latius
701 3249 804 3310 vaiere
822 3248 923 3330 potest
939 3247 978 3308 de
995 3261 1063 3310 tota

25 3355 175 3436 regione,
205 3363 243 3410 ut
265 3349 349 3430 apud
367 3349 587 3412 Constantium
606 3348 646 3411 de
665 3351 731 3412 vita
751 3351 783 3412 S.
802 3350 954 3410 Germani
977 3369 1008 3428 a,
1026 3363 1060 3414 a.

25 3451 173 3514 Hedaam
191 3442 361 3540 profectus
382 3449 444 3540 est,
471 3448 522 3510 abt
538 3450 641 3512 Iulias
662 3452 737 3530 reip.
756 3462 857 3512 rector
876 3469 917 3510 aa
935 3449 1060 3512 Galliae

26 3547 215 3634 gubernator
239 3549 449 3640 praefidebat.
512 3551 576 3613 Sed
604 3565 690 3614 mota
716 3551 758 3614 est
787 3549 1062 3633 exsuperioribus

27 3653 206 3737 disceptatio
224 3655 308 3736 inter
329 3654 415 3716 vitoe
436 3653 565 3725 tinctae,
592 3672 630 3714 an
646 3654 757 3715 eadem
773 3652 846 3716 effet
864 3649 989 3714 diverto
1004 3671 1061 3716 no·

28 3757 111 3816 mine
131 3755 207 3816 urbe
229 3751 383 3814 Bibracte
398 3768 431 3815 et
450 3751 719 3846 Augtfioaianam.
772 3753 900 3836 Negant
921 3751 994 3834 aiii,
1021 3767 1061 3816 ut

29 3857 227 3919 Raituundue
249 3855 432 3925 Manlianus,
457 3855 604 3925 Valetiua,
628 3867 660 3916 et
681 3855 736 3936 qni
755 3873 811 3917 eoa
834 3854 938 3914 laudat
959 3855 1059 3919 Cella·

28 3961 88 4020 rina
108 3960 141 4018 in
169 3957 291 4039 Geogr.
315 3969 379 4017 ant.
398 3973 432 4028 a,
457 3971 489 4025 a,
508 3967 567 4034 85.
607 3955 651 4016 dn
676 3957 761 4018 Faue
785 3959 826 4017 de
852 3956 1058 4042 Languerue,

31 4074 58 4121 et
80 4078 158 4141 qnot
183 4055 328 4120 recenset
354 4059 384 4118 le
409 4058 557 4142 Langia
584 4054 662 4120 bibl.
685 4056 794 4120 histor.
820 4059 860 4119 de
886 4057 914 4118 la
940 4058 1059 4121 Franco

31 4177 128 4244 pat.
145 4158 190 4243 [q.
217 4158 294 4244 (ed.
310 4158 493 4244 Fontette.)
540 4157 661 4222 Contra
677 4158 844 4224 adfirmant
862 4157 1005 4224 Thomu
1021 4161 1058 4222 in
1189 4238 1199 4255 ι
