2650 4896
182 322 239 402 tn
269 323 417 384 rouo.
445 325 551 384 unt.
591 325 701 383 nur.
744 326 849 390 en.
891 325 970 404 ις.
1047 339 1107 403 ιδ.

118 490 278 577 longo)
337 499 456 582 Longo
479 497 569 562 enim
592 495 718 563 ambitu
738 498 853 580 exstat,
883 513 933 576 et,
961 519 1037 564 cum
1060 499 1102 562 ad

48 589 261 661 horizontem
277 616 484 681 perventum
504 601 565 672 est,
597 601 775 664 transverso
798 587 991 663 eum‘cursu
1011 597 1100 662 drin-

46 692 107 778 git,
132 691 221 757 iusto
245 697 383 780 spatio,
410 691 586 786 antequam
602 717 778 784 mergatur.
829 698 1098 780 ldeoDionysrut

46 797 116 874 [rel
132 792 260 866 Avien.
287 797 333 863 in
356 799 477 886 perieg.
492 825 523 866 v.
541 807 624 882 765.
645 806 762 886 exeo]
780 803 918 866 vicinior
937 805 995 865 oxi
1016 805 1098 864 occi·

45 896 102 958 duo
125 897 293 971 inclinat,
331 899 356 964 i.
377 923 405 966 e.
428 901 464 964 in
484 905 635 968 occasum
651 906 749 987 longe
763 899 964 987 prospiciens
986 899 1096 965 radio·

42 994 113 1058 solia
133 999 245 1082 longo
269 1001 408 1066 ambitu
423 1002 572 1078 sustinet,
598 1006 702 1069 donec
720 1005 845 1066 rursum
861 1003 980 1087 exiguo
996 1001 1095 1066 inter·

41 1099 122 1159 rallo
145 1099 189 1160 ab
209 1115 297 1163 ortu
325 1101 501 1166 meridiem
523 1106 631 1168 versuo
654 1106 841 1168 tendentem
862 1105 971 1168 rursue
992 1101 1094 1188 adspi-

41 1196 110 1262 ciat
145 1201 209 1266 Sol
234 1200 339 1266 enim
361 1201 427 1268 illia
447 1222 537 1268 ortuo
555 1205 591 1268 in
613 1203 786 1268 meridiem
805 1203 893 1267 abire
913 1205 1093 1268 secundum

40 1300 117 1362 latus
131 1298 303 1378 videtur,
332 1321 466 1390 propter
482 1305 745 1390 magnitudinem
759 1303 999 1369 declinationis.
1031 1324 1091 1369 vt·

40 1421 179 1466 orituro.
236 1404 348 1468 Plura
368 1407 409 1469 de
431 1405 531 1472 huius
552 1405 619 1475 loci
642 1405 785 1472 lectione
801 1423 834 1471 et
848 1407 940 1470 sensu
961 1403 1038 1470 dedi
1054 1403 1090 1468 in

39 1499 199 1566 noterit.
218 1525 257 1588 p.
281 1517 359 1586 204
374 1509 440 1594 sqq.

108 1705 285 1800 aestate
320 1709 517 1796 lucidae)
562 1709 618 1776 Sic
637 1709 767 1776 Plinius
792 1729 823 1784 2,
846 1727 903 1794 77.
925 1709 947 1773 s.
967 1719 1024 1788 75.
1050 1721 1087 1794 4,

45 1806 133 1882 3o.s.
155 1810 214 1872 16.
253 1809 440 1874 Martianua
459 1815 491 1880 6.
516 1835 548 1896 p.
564 1834 609 1875 m.
630 1825 709 1898 194.
732 1828 765 1875 et
786 1827 868 1889 215.
904 1808 1006 1874 Solin.
1028 1823 1085 1888 25.

45 1904 65 1970 l.
83 1925 138 1970 oe.
165 1894 333 1983 solstitio,
365 1911 473 1977 cancri
501 1916 625 1997 lignum
647 1915 710 1977 sole
732 1929 939 1986 transeunte;
975 1926 1088 1974 contra

45 2005 155 2072 bruma
180 2015 325 2074 nullum
343 2013 408 2075 sere
426 2012 515 2076 diem
536 2015 597 2076 elle
614 2013 796 2080 adfirmant.
835 2013 885 2076 cf.
900 2009 999 2074 etiem
1014 2013 1085 2075 Ser·

44 2103 112 2170 rius
126 2110 169 2170 ad
186 2109 311 2198 virgil.
329 2115 446 2199 Georg.
468 2140 497 2192 1,
513 2131 571 2195 30.
622 2115 663 2179 At
681 2114 717 2177 id
733 2117 866 2178 demum
885 2109 1020 2200 propius
1042 2111 1085 2174 ad

44 2211 154 2289 polum
178 2213 329 2287 accidit,
360 2232 392 2278 et
415 2215 450 2278 in
475 2213 674 2300 Norwegiae
690 2231 794 2279 tractu
808 2215 1001 2278 Wardhusro
1015 2233 1083 2276 ma·

47 2304 128 2372 xime
153 2312 418 2398 septemtrionali
448 2339 506 2404 per
536 2319 619 2380 duos
646 2316 772 2380 menses
793 2331 826 2380 et
849 2313 974 2400 aliquot
1001 2311 1082 2377 dieo.

47 2409 244 2479 Cleomedee
264 2417 306 2478 de
321 2414 453 2480 circulis
469 2417 524 2480 lib.
545 2443 574 2483 ι.
591 2440 623 2502 p.
644 2433 722 2498 133.
741 2419 860 2496 (llam.)
879 2413 1082 2479 menstruum

47 2504 92 2570 ibi
114 2510 206 2577 diem
232 2517 297 2579 else
319 2514 418 2591 dicit,
445 2521 574 2604 quando
597 2519 644 2581 sol
660 2519 702 2580 est
724 2516 759 2579 in
781 2535 911 2580 cancro.
960 2516 1080 2579 Proco-

49 2607 117 2692 pius
134 2618 177 2678 de
193 2619 236 2680 B.
254 2620 353 2681 Goth.
372 2638 405 2690 o,
427 2633 478 2698 15.
500 2617 571 2682 dies
588 2616 636 2682 ibi
653 2620 713 2682 else
729 2615 811 2680 dicit
827 2613 1002 2681 continuos
1015 2625 1078 2696 4ο,

51 2708 255 2803 totidemque
284 2717 370 2784 circa
398 2720 547 2782 brumam
570 2735 699 2800 noctes,
736 2717 890 2804 diemque
910 2713 1079 2778 redeuntis

50 2809 118 2874 lolio
135 2813 257 2881 sestum
272 2822 332 2883 elle
348 2818 448 2884 addit.
486 2823 612 2906 Nempe
628 2835 727 2906 prout
742 2819 921 2904 posuerunt
932 2819 1079 2888 Thulen,

52 2907 84 2972 in
103 2913 155 2978 bia
182 2917 287 2982 etiam
310 2919 485 2987 variamut.
534 2923 649 3007 Neque
670 2937 776 2983 tamen
797 2917 925 2983 Plinius
943 2915 1077 3002 aliique,

1 3053 2 3088 l
53 3011 104 3095 qui
122 3017 272 3098 Pytheae
293 3020 520 3085 auctoritatem
541 3021 744 3106 praeferunt,
776 3035 864 3082 recte
887 3041 963 3082 eum
983 3037 1076 3102 cepe·

54 3129 140 3188 lunt·
172 3138 234 3186 aut
253 3121 486 3195 reddiderunt,
516 3118 565 3184 uti
590 3107 721 3207 adparet
741 3143 780 3183 ex
796 3116 927 3184 Gemini
947 3116 1076 3201 isagoge

54 3232 117 3299 etp.
133 3233 167 3298 5.
193 3221 255 3286 ubi
271 3221 341 3286 eius
355 3226 454 3286 verba
470 3221 536 3308 ipsa
551 3223 753 3286 adseruntur.
803 3216 931 3284 Retulit
951 3233 1077 3289 autem,

56 3313 200 3387 barbaros
216 3322 276 3408 ipso
289 3328 400 3388 locum
415 3324 615 3397 monstrasse,
638 3323 695 3387 ubi
714 3323 759 3385 sol
779 3319 927 3394 occidat;
962 3333 1075 3381 noctes

55 3409 98 3478 ibi
111 3420 203 3488 suilse
222 3427 397 3511 perbreves
416 3427 573 3502 duarum,
601 3424 671 3508 poll
687 3439 706 3503 3
723 3425 895 3520 horarum,
921 3435 954 3482 et
976 3419 1076 3481 solem

58 3536 118 3581 non
138 3528 244 3589 multo
266 3525 335 3612 post
356 3527 504 3590 occasum
525 3522 662 3590 rediisse.
712 3525 776 3588 Sed
799 3539 831 3587 ot
845 3517 929 3584 senis
950 3535 1074 3583 utrum·

59 3636 115 3700 que
138 3629 300 3690 menfibur
318 3625 389 3690 lieri
411 3648 449 3690 ex
475 3625 615 3690 aliorum
637 3622 796 3710 opinione
814 3621 978 3685 adiectum
1001 3620 1073 3694 elle,

61 3713 161 3788 innuit
178 3725 307 3791 Plinius
322 3739 358 3808 4,
382 3728 478 3806 3o.s.
501 3731 554 3793 ro.
605 3727 723 3788 Totam
742 3723 833 3787 illam
853 3719 1073 3785 narrationem

62 3817 98 3882 de
115 3827 268 3892 continua
288 3828 343 3892 die
364 3845 396 3892 et
416 3843 509 3893 nocte
531 3827 732 3898 fabrdosam,
763 3841 819 3888 aut
841 3839 927 3889 certe
947 3837 1073 3887 auctam

64 3922 115 3986 effe
136 3927 305 3994 contendit
318 3929 461 3992 Eustath.
484 3931 525 3993 ad
540 3925 672 4008 Dionys.
684 3949 715 3990 v.
734 3937 819 4005 58¹·
869 3927 919 3987 lta
937 3944 1016 3987 vero
1037 3919 1074 3984 in

61 4021 267 4096 scandinavia
288 4027 373 4098 circo
397 4029 567 4095 solstitium
596 4024 752 4094 aestivum
775 4047 833 4112 per
853 4023 978 4114 aliquot
1004 4023 1074 4088 dieo
