2746 4894
170 424 225 482 ΙΝ
251 422 388 512 Pom.
417 423 526 482 Met..
567 423 678 480 Lili-
721 426 827 484 (ΗΧ.
869 427 947 497 §.2.
1023 439 1088 510 507

40 596 152 680 lyncas
175 597 319 679 putavit,
352 611 387 660 et
413 597 444 658 id
470 594 573 679 ipsum
607 595 723 678 posuit.
777 599 814 660 ln
842 601 934 664 Lobo
957 623 1082 690 voyage
1187 639 1190 646 .

40 696 225 761 rl'hbissinie
243 701 283 762 T.
306 720 334 761 r.
352 720 383 780 p.
396 716 478 778 291.
500 699 664 760 mulorum
680 721 781 782 genus
797 721 1079 780 commemoretur,

38 821 129 864 zenrn
147 797 168 862 s.
185 822 304 872 arcora,
329 800 477 883 quisunt
494 802 583 873 varii,
608 801 715 865 colore
732 815 839 866 tamen
854 807 946 890 nigro
961 821 993 870 et
1007 810 1079 874 albo

38 903 188 966 distincti.

108 1105 340 1188 Sphingos)
391 1107 635 1170 Commemorat
649 1107 744 1169 etiam
762 1109 794 1170 in
810 1108 979 1195 Aethiopia
994 1114 1078 1182 Plin.

36 1227 63 1270 t.
81 1208 105 1270 l.
132 1223 166 1270 et
192 1209 231 1270 stc
252 1207 417 1270 describit:
443 1199 546 1298 fusco
561 1208 637 1286 piso,
663 1213 807 1272 utantnn‘s
828 1214 860 1272 r'n
882 1229 1008 1292 pectore
1027 1239 1080 1297 ge·

37 1312 141 1373 minis.
175 1311 372 1393 Simpliciter
388 1313 484 1372 etalii
501 1309 666 1380 adserunt,
691 1327 728 1372 ut
742 1311 854 1374 Strabo
876 1331 930 1390 17.
948 1337 978 1396 p.
990 1330 1078 1398 533.

36 1409 58 1472 s.
74 1423 162 1488 775.
209 1413 439 1496 Philoslorgiue
466 1412 544 1474 Hill.
569 1413 645 1476 eccl.
666 1427 698 1488 3.
729 1433 783 1477 rr.
811 1413 904 1499 γένος
929 1415 1080 1501 πιθήκων

36 1528 147 1584 vocat,
180 1527 212 1575 et
233 1515 296 1575 illie
319 1535 474 1577 mammae
498 1515 641 1576 mulieris
665 1514 786 1577 tribuit.
835 1517 903 1597 lpse
921 1516 949 1578 se
967 1520 1077 1582 vidill'e

37 1617 193 1678 adfirmat.
245 1617 294 1676 Er
320 1634 387 1697 quo
420 1616 607 1678 Harduinue
637 1617 674 1676 ad
701 1616 786 1680 Plln.
809 1636 836 1680 c.
863 1619 883 1680 l.
912 1620 1076 1690 existimat,

35 1712 150 1780 sabulis
175 1717 376 1780 adnumerari
404 1736 470 1780 non
499 1715 601 1798 posse.
633 1717 665 1777 in
691 1719 808 1800 quibua
832 1719 1002 1784 monstrosa
1024 1725 1078 1784 illa

36 1817 163 1898 Sphinx
192 1820 332 1882 iactatur.
376 1819 449 1882 Vid.
468 1819 695 1900 Palaephatum
719 1839 785 1903 cap.
806 1835 839 1895 7.
865 1836 897 1884 er
918 1823 1078 1904 plurimus

33 1919 119 1992 cline,
139 1939 219 2002 quoe
238 1921 281 1981 ibi
296 1919 405 1982 laudet
420 1918 592 1982 Fischerua.
631 1921 669 1982 ln
690 1921 727 1982 iia
743 1940 838 2003 porro
852 1923 927 1983 aliae
943 1922 1078 1988 suerunt

36 2019 191 2093 Graecae,
218 2024 294 2084 eliae
312 2024 505 2107 Aegyptiae,
530 2043 609 2102 qnae
630 2017 740 2102 passrm
757 2025 970 2104 reperiuntur.
1015 2029 1076 2088 Err-

33 2122 127 2184 hibet
152 2125 249 2186 etiam
276 2126 309 2186 itt
335 2123 460 2186 Perhde
485 2123 645 2208 Persepoli
676 2125 841 2186 inventam
870 2125 1016 2188 Niebuhr
1040 2131 1075 2190 in

33 2223 249 2288 lleisebeschr.
269 2226 349 2286 nach
365 2225 500 2288 hrabien
521 2226 589 2288 Vol.
606 2241 639 2288 u.
657 2245 689 2306 p.
706 2243 786 2288 reo.
816 2228 901 2288 Cum
918 2229 1078 2312 Auguslne

35 2325 67 2389 in
83 2327 248 2412 sagnandie
267 2327 382 2390 libellie
403 2343 435 2389 et
456 2325 595 2409 epislolia
617 2327 710 2388 initio
730 2327 860 2412 sphinge
885 2331 933 2388 uti
953 2329 1075 2403 soleret,

34 2429 187 2504 (Sueten.
206 2433 365 2510 cap.5o.)
384 2427 471 2510 saepe
490 2430 558 2491 elue
582 2429 699 2510 imago.
725 2445 762 2490 ut
777 2432 811 2490 in
834 2430 912 2498 aliie.
935 2433 977 2492 ita
994 2445 1024 2492 et
1041 2436 1076 2494 irr

33 2530 167 2614 Augusti
188 2531 296 2592 nuntie
318 2531 468 2596 cernitur.
505 2531 575 2594 vid.
591 2530 711 2593 llal‘che
733 2531 810 2596 Lex.
834 2551 958 2596 numer.
976 2534 1018 2598 T.
1037 2545 1075 2614 4.

32 2628 68 2696 P·
83 2649 122 2696 2·
143 2652 178 2716 r·
200 2641 307 2717 tlte·

111 2833 244 2920 Trogo
252 2855 379 2916 panes
385 2833 406 2918 )
456 2837 506 2899 De
529 2835 614 2898 veria
635 2831 783 2918 scriptura
806 2837 896 2899 vocie
918 2839 984 2900 vid.
1003 2853 1074 2902 not.

33 2939 101 3000 erit.
124 2957 197 3024 pag.
213 2955 284 3020 322
301 2937 365 3021 sqq.
403 2938 468 3000 elit
482 2939 635 3020 prolixius
649 2935 838 3004 describunt.
862 2951 897 2996 ut
912 2937 995 3001 Plin.
1018 2959 1074 3010 ιο.

36 3052 93 3113 70.
116 3037 139 3103 s.
160 3051 221 3120 49.
244 3043 345 3104 uanior
367 3039 494 3122 aquila.
529 3057 646 3100 consue
670 3037 702 3098 in
725 3035 914 3114 temporibus
936 3051 1074 3102 curvato

34 3139 170 3212 habens,
186 3134 368 3232 ferruginei
383 3141 512 3210 coloris,
539 3151 666 3200 tentum
689 3139 794 3217 capite
814 3137 981 3216 phoeniceo
1001 3141 1022 3203 i.
1041 3159 1072 3204 e.

32 3245 184 3324 puniceo.
227 3245 351 3324 Nempe
374 3241 465 3304 tulna
486 3241 564 3304 secie
587 3240 775 3324 pingebatur
795 3240 871 3300 Pan.
912 3241 982 3303 Viti.
1003 3243 1073 3304 Ser·

33 3345 105 3406 tine
119 3346 161 3405 acl
177 3346 288 3431 virgil.
304 3346 405 3428 eclog.
428 3363 482 3413 ro.
500 3359 560 3418 27.
609 3341 701 3424 Apud
716 3341 818 3403 Solin.
835 3361 861 3402 c.
880 3341 899 3402 l.
919 3341 973 3402 fic:
1002 3343 1074 3404 noir

32 3447 140 3507 noser
156 3447 272 3529 aqut'st's
286 3443 431 3509 cornibus
445 3444 589 3507 arietinis
605 3434 772 3532 proferens
788 3455 947 3503 armatum
962 3459 1073 3522 capnt.

31 3545 160 3610 Lutlols
173 3551 208 3610 in
227 3549 298 3613 hill.
318 3547 467 3628 Aethiop.
482 3565 573 3608 num.
590 3563 649 3623 90.
669 3547 702 3604 in
719 3557 893 3606 comment.
909 3545 947 3604 ad
965 3545 1019 3606 lib.
1042 3567 1073 3606 ι.

31 3665 99 3731 cap.
123 3665 181 3714 to.
205 3664 295 3732 purat
310 3651 369 3713 else
386 3641 579 3734 casuarium,
612 3647 711 3708 morlo
735 3663 852 3706 cornua
875 3645 921 3704 illi
945 3645 1072 3706 deman·

31 3761 103 3824 rar,
137 3771 218 3834 quae
240 3771 308 3816 non
336 3749 505 3815 necessario
529 3747 639 3810 adstat.
692 3745 793 3808 Porro
821 3742 991 3827 suspicatur
1013 3745 1074 3810 elie

31 3855 122 3936 apud
148 3855 338 3924 Strabonem
359 3871 390 3918 e.
406 3871 438 3932 p.
453 3861 513 3928 48.
531 3847 552 3912 s.
570 3863 629 3924 70.
654 3845 761 3912 πᾶνας
783 3841 1074 3932 nepotationibus.

31 3959 82 4016 uti
101 3957 182 4042 legit
200 3975 259 4039 pro
284 3947 584 4042 σφηνοκεφάλους.
614 3955 717 4032 quod,
749 3951 883 4018 mirum,
912 3948 993 4008 nihil
1013 3947 1074 4010 esse

31 4071 141 4142 putet.
180 4057 305 4122 Plinius
320 4051 474 4122 fabulosae
488 4072 564 4116 aree
580 4050 684 4116 censet
700 4069 727 4112 c.
744 4049 764 4111 l.
792 4050 884 4114 Lobo
900 4051 934 4110 in
953 4067 1076 4136 voyage

635 4151 696 4216 llb
724 4165 744 4210 o
