2734 4908
3 407 5 546 Ι
179 419 233 478 ns
259 419 394 478 aona.
421 419 529 478 nar.
568 412 683 484 Lm.
725 421 817 484 ov.
859 419 939 491 sd·
1017 405 1076 504 ies

3 673 5 688 p
37 592 147 660 versus
179 595 325 658 Pontum
357 607 514 658 vocentur
546 592 697 657 Moschici
733 594 817 678 apud
848 594 1009 659 Plutarch.
1042 600 1077 660 in

3 691 4 728 ³
37 698 198 780 Pompeio
221 717 288 778 cap.
306 707 366 776 34.
401 697 610 767 fertilitatem
623 683 732 758 iaudat
746 695 858 759 Strabo
875 717 903 761 c.
918 699 940 759 l.
962 698 1078 780 oppidu

39 798 181 862 recenset
203 799 329 861 Plinius
351 799 385 870 6.
414 818 467 863 ιι.
490 796 511 860 s.
537 816 590 862 ro.
619 811 651 859 et
674 798 810 861 Ptolem.
827 818 853 862 c.
872 799 894 862 l.
954 799 1077 862 Eorum

3 977 4 980 Ἴ
42 902 199 986 originem
221 903 365 983 plerique
387 914 539 984 repetunt
559 899 596 961 ab
622 899 720 961 iberis
737 901 911 982 Europaeis
932 899 953 964 s.
971 901 1079 984 Hispa·

3 987 4 1000 ¹
43 1004 105 1074 nis,
143 1004 204 1084 qui
226 1004 400 1083 Pyrenaeis
431 1001 598 1064 montibus
623 1001 742 1064 relictis
767 1003 852 1064 ultre
875 1003 1017 1065 Pontum
1047 1016 1081 1066 et

3 1161 5 1194 r
41 1102 234 1178 Colchideru
260 1106 325 1166 huc
348 1106 609 1188 commigrarunt.
650 1104 723 1166 vid.
745 1102 857 1166 Strabo
878 1127 907 1168 ι.
930 1127 1001 1192 pag.
1019 1117 1080 1189 42.

40 1204 59 1269 L
74 1205 137 1269 61.
169 1205 304 1286 Dionys.
324 1227 355 1270 v.
368 1205 452 1286 698.
474 1203 621 1268 Priscian.
638 1226 671 1268 v.
683 1207 768 1285 679.
793 1207 935 1273 Avienus
951 1229 983 1270 v.
996 1219 1081 1287 333.

2 1256 12 1365 i
40 1309 135 1369 listro
153 1310 241 1389 apud
257 1309 339 1370 Plin.
361 1323 393 1388 3.
412 1321 444 1388 3.
461 1305 482 1369 s.
506 1328 535 1368 ι.
563 1309 725 1389 Appianus
738 1307 772 1367 in
790 1308 939 1372 Mithrid.
955 1329 983 1370 c.
1001 1330 1081 1375 ιοι.

40 1407 89 1472 cf.
103 1413 208 1470 etiarn
226 1410 372 1473 Periznn.
389 1413 421 1470 in
436 1409 613 1492 originibus
631 1411 764 1492 Aegypt.
779 1429 806 1472 c.
820 1419 877 1488 24.
892 1431 925 1492 p.
936 1411 1007 1496 469
1020 1410 1081 1493 sqq.
1096 1485 1102 1492 .

39 1511 97 1582 Ar,
123 1512 217 1596 quod
236 1525 326 1574 notet
345 1512 523 1593 Appianae,
550 1509 760 1572 dissenserunt
778 1512 928 1592 quidam,
954 1513 1083 1592 quires
1218 1535 1222 1540 ·

40 1613 232 1694 Europaeos
253 1612 292 1674 ab
312 1613 450 1674 Asiaticis
470 1612 671 1682 derivarunt,
702 1611 754 1673 vel
771 1628 901 1698 gentem
916 1627 1082 1695 utramque

41 1732 104 1775 non
128 1714 191 1774 nifi
214 1715 349 1776 nomine
373 1715 540 1776 communi
566 1725 732 1797 cognatam
758 1711 848 1776 suillo
871 1729 1003 1798 propter
1022 1717 1083 1776 lin·

40 1833 118 1899 gnae
156 1828 191 1886 et
227 1835 356 1877 morum
389 1815 682 1876 dissimilitudinem
716 1825 877 1896 putarunt.
945 1817 995 1878 De
1029 1836 1083 1880 eo·

40 1937 110 1976 rum
128 1917 279 1979 moribus
299 1915 442 1999 exposuit
458 1915 569 1979 Strabo
592 1935 646 1978 tr.
667 1935 738 1999 pag.
756 1925 828 1999 344
844 1915 884 1998 sq.
908 1916 928 1980 s.
947 1930 1030 1994 5⁰⁰·
1050 1931 1085 1980 et

40 2016 230 2088 bellicosos,
257 2016 443 2089 laboriosos.
476 2018 626 2102 agricolas
650 2014 755 2087 soille,
789 2019 990 2101 omninoque
1015 2019 1084 2082 Me·

41 2120 161 2181 dorum
188 2121 479 2203 Armeniorumque
505 2119 592 2181 celtu
622 2116 730 2181 vixisse
756 2115 862 2183 resert.
915 2123 1083 2184 iberorum

41 2241 148 2283 mores
163 2221 199 2282 in
217 2218 405 2284 feminarum
423 2220 574 2304 pensitet
593 2220 745 2302 operibus
762 2221 937 2284 iudicandis
960 2243 1083 2287 memo·

3 2397 5 2400 Ι
40 2339 85 2384 ιιι
102 2323 261 2386 Nicolaue
277 2321 485 2385 Damascenne
502 2323 536 2385 h.
552 2342 585 2385 r.
637 2321 724 2382 Tum
741 2322 853 2386 Strabo
874 2325 910 2383 ad
929 2335 953 2404 4
969 2323 1082 2396 classes.

42 2425 75 2484 in
95 2445 177 2507 quas
192 2423 337 2506 descripti
354 2423 500 2495 suerunt,
526 2425 745 2508 progreditur,
773 2445 811 2485 err
834 2445 965 2506 quarum
982 2427 1083 2508 prima

3 2517 4 2532 .
41 2545 132 2610 reges
157 2526 250 2587 electi
273 2528 339 2588 duo
357 2527 471 2596 Amul,
506 2544 589 2587 nnus
610 2525 767 2609 dignitate
783 2539 815 2587 et
838 2527 977 2596 bonore,
1005 2528 1085 2589 alter

42 2626 152 2690 officio
176 2640 210 2689 et
231 2647 375 2692 munere.
435 2629 521 2690 Hinc
543 2646 631 2710 reges
653 2646 766 2688 eorum
790 2643 1084 2692 commemorantur

42 2727 167 2811 passim.
192 2730 294 2790 veluti
310 2735 439 2791 Artocen
460 2726 655 2790 Mithridatis
677 2743 822 2810 tempore
844 2730 927 2811 apud
949 2732 1082 2812 Appiae.

43 2831 76 2890 iu
95 2829 245 2892 sillitbrirl.
264 2851 292 2894 c.
306 2843 385 2907 ¹⁰5·
397 2844 452 2892 etr
469 2845 523 2904 ι7.
539 2845 572 2891 et
587 2830 669 2890 Flor.
684 2843 716 2906 3,
733 2844 765 2908 5.
785 2840 842 2904 αθ.
862 2829 916 2891 sub
933 2833 1084 2904 Tiberim

45 2931 259 2994 Mithridates
280 2947 314 2994 et
338 2921 571 3022 Pharasmanes
588 2931 672 3013 apud
696 2933 794 3004 Dion.
813 2944 870 3010 58,
893 2933 952 2996 26.
980 2934 1082 2996 Tacit.

45 3034 163 3095 Annei.
179 3030 214 3103 6.
237 3047 281 3111 32
299 3032 341 3116 sq.
379 3029 429 3096 Cs.
457 3031 580 3114 loseph.
597 3031 791 3113 antiqu.'ra.
815 3043 849 3112 4,
871 3043 905 3112 4.
930 3033 951 3098 [.
975 3046 1029 3112 ι8,
1048 3036 1100 3116 6.Ι

44 3135 111 3197 Sub
123 3135 288 3196 Hadriano
306 3135 388 3217 apud
399 3136 552 3218 Spartian.
569 3135 604 3194 in
621 3135 687 3193 rita
704 3153 770 3214 cap.
788 3149 846 3199 st.
861 3148 940 3197 extr.
979 3137 1021 3198 H.
1038 3137 1085 3196 ibi

46 3234 237 3328 Ginrgr'ston
257 3235 277 3298 s.
300 3238 459 3317 Georgica.
498 3235 571 3300 Vici.
590 3232 783 3297 Bieberllein
806 3255 838 3317 p.
854 3247 912 3319 43.
931 3257 957 3298 c.
975 3238 995 3299 l.
1018 3237 1085 3298 alii·

42 3358 125 3421 que.
160 3357 244 3420 quos
267 3341 457 3420 comparatis
477 3336 639 3401 veteribus
654 3336 837 3400 auctoribus
854 3339 1005 3422 producit
1022 3339 1084 3401 Lii·

42 3461 199 3506 rtemann.
222 3462 253 3524 p.
272 3455 316 3520 51
339 3437 401 3523 sqq.

126 3641 379 3727 Hyrcanos)
430 3645 480 3703 De
506 3645 543 3705 iis
568 3641 656 3726 supra
682 3644 720 3707 ed
744 3645 773 3723 §.
798 3653 832 3726 4,
885 3643 984 3706 Recte
1007 3661 1084 3706 vero

45 3745 204 3810 Cellarius
225 3749 257 3806 in
275 3747 390 3830 Geogr.
413 3758 477 3806 ant.
498 3759 529 3823 3,
551 3755 604 3819 18,
626 3765 682 3809 to.
704 3745 857 3808 hocloco
876 3745 1083 3827 adpositoex·

45 3849 177 3909 clamat:
224 3848 343 3936 „Quot
367 3859 461 3929 putas
487 3847 519 3906 in
553 3847 603 3908 his
630 3847 774 3930 prodigia
799 3846 882 3908 esses
922 3847 1029 3909 iberes
1051 3860 1085 3909 et

45 3951 206 4027 Hyrcani,
232 3951 374 4030 (quanto
401 3949 569 4010 intervallo
594 3948 767 4026 seiunctis)
798 3948 853 4030 qui
880 3948 1007 4032 poliunt
1034 3946 1084 4012 sua

44 4051 183 4114 llnmiaa
206 4069 262 4134 per
286 4070 390 4114 unum
414 4067 451 4114 oe
473 4049 690 4116 enrittere‘i“'
720 4049 874 4138 Ceterum
891 4049 945 4112 hic
959 4063 1083 4138 genter.
