2748 4888
195 395 251 452 ru
278 395 417 454 roua.
448 395 554 453 unt.
595 395 709 454 Lm.
751 394 831 454 or.
873 399 952 472 §.a
1055 408 1097 470 μ

60 571 304 656 perhoreorum,
328 567 496 632 obscurum
511 565 600 630 inille
616 567 739 650 lateque
754 566 894 651 patoille,
909 565 1103 631 Weruedotl

57 677 92 734 de
105 674 240 756 republ.
257 672 444 733 Galatarum
461 691 527 752 cap.
546 684 578 732 a.
601 672 630 749 §.
649 683 682 748 5.
700 691 730 752 p.
748 683 807 750 59.
830 684 862 732 et
882 689 961 753 quoe
982 671 1098 736 laudat

51 779 188 860 lTago
219 793 298 835 vero
321 775 360 832 ad
390 771 554 834 Artabrum
581 789 686 854 prom.
713 785 759 852 30
781 771 918 856 populor
942 771 1098 846 habitalle,

47 879 146 940 tradit
164 875 287 939 Strabo
305 889 339 956 5.
360 896 393 958 p.
414 873 494 938 roo.
512 871 536 938 l.
557 883 637 970 ιρ4.

130 1077 349 1161 Grovii)
397 1079 448 1141 De
470 1073 555 1140 varia
577 1077 704 1140 illorum
723 1075 1008 1162 scripturuluot.
1029 1079 1096 1143 erit.

46 1202 122 1266 pag.
145 1195 197 1258 2ss
215 1179 279 1262 qu.
316 1176 437 1242 Soluto
454 1181 643 1242 Graecorum
664 1179 792 1242 luerunt
812 1179 868 1243 lec.
885 1181 968 1244 Pliu.
988 1187 1020 1262 4.
1039 1189 1096 1260 34.

47 1283 72 1346 l.
92 1300 155 1346 20.
178 1297 215 1344 et
240 1283 318 1343 hine
340 1281 396 1342 Sil.
420 1283 488 1344 ltal.
515 1297 548 1360 3,
575 1283 658 1360 366.
686 1282 799 1346 Grovii
827 1282 949 1344 violato
977 1283 1101 1344 nomine

50 1386 211 1454 Graium,
240 1403 336 1464 quam
355 1384 541 1464 opinionem
559 1383 724 1445 adstruunt
744 1385 813 1454 alii,
838 1386 895 1466 qui
911 1383 1047 1447 Graecoe
1065 1383 1100 1446 in

46 1487 103 1548 illa
128 1487 202 1547 loca
225 1485 346 1547 venille
365 1499 509 1556 narrant,
540 1487 574 1546 in
597 1485 712 1566 quibua
734 1487 872 1550 maxima
894 1485 937 1548 ell
962 1484 1100 1548 tustinus

46 1598 111 1666 44,
131 1603 167 1665 3.
198 1606 241 1649 ex
256 1607 321 1668 quo
337 1587 460 1646 Teucer
474 1587 541 1668 poll
561 1587 659 1648 finem
674 1587 807 1648 Troiani
823 1587 898 1650 belll
916 1589 1015 1669 patria
1030 1605 1101 1668 pro·

45 1689 175 1752 hibitue
202 1689 336 1749 taudem
359 1689 393 1747 in
417 1685 600 1770 Hispaniam
625 1684 789 1760 eonceffit,
819 1701 853 1750 et
875 1687 1101 1772 Carthaginem

47 1811 175 1853 novam
202 1790 389 1868 occupavit,
423 1809 462 1850 ex
483 1810 542 1871 qua
564 1809 638 1850 cum
659 1790 692 1850 in
716 1789 901 1852 Callaeciam
927 1787 1101 1860 traneiillet,

47 1893 163 1976 posrtie
183 1890 316 1953 sedibut
331 1892 419 1974 genti
435 1911 554 1952 nornen
572 1891 671 1954 dedit.
695 1889 866 1954 Callaeciae
882 1891 978 1952 etiam
995 1893 1102 1974 portio

47 1993 269 2076 Amphilochi
288 1993 459 2054 dicebatur.
498 1993 627 2056 Accedit
644 1991 756 2054 Strabo
774 2011 806 2078 3.
827 2013 860 2075 p.
878 2005 958 2070 ¹⁰8·
974 1990 997 2056 l.
1019 2005 1099 2070 157.

49 2099 104 2178 qui
126 2117 169 2158 ex
195 2095 299 2156 variie
320 2093 498 2154 auctoribus
520 2091 634 2163 refert.
669 2093 805 2156 Graecoe
832 2094 885 2157 hic
909 2110 941 2156 et
965 2093 1102 2157 ulterior

49 2195 249 2266 consentire,
288 2197 414 2254 lumin
440 2193 588 2258 Callaecis
615 2193 727 2256 urbem
752 2200 848 2258 etiam
871 2195 1103 2278 Amphilochoe

48 2309 234 2366 memorat,
271 2297 361 2356 cuiue
384 2298 474 2380 origo
493 2298 532 2358 ad
551 2298 669 2358 Teucri
693 2295 793 2360 locioe
813 2311 845 2360 et
866 2297 900 2358 in
925 2299 1036 2380 primia
1061 2295 1102 2358 ad

48 2398 318 2484 Am'philochum
340 2399 489 2480 perlinat.
537 2399 640 2460 Aliam
665 2412 822 2480 praeterea
847 2398 945 2462 huiue
969 2399 1103 2484 origini·

50 2503 166 2564 orbem
193 2501 289 2560 addit
304 2489 465 2585 ’Έλληνες
486 2499 623 2568 dietam,
658 2519 771 2580 quaea
792 2500 898 2562 Plinio
913 2521 940 2562 o.
963 2501 984 2562 l.
1009 2520 1103 2564 voce·

51 2617 107 2664 tur
127 2603 294 2672 Helenus,
321 2601 390 2670 vel,
422 2601 469 2662 uti
492 2601 613 2660 mavult
634 2599 762 2664 Noniue
785 2603 818 2662 in
844 2599 933 2685 Hilp.
955 2621 1023 2684 cap.
1039 2611 1101 2680 41.

52 2705 226 2774 Hellenos,
254 2718 294 2763 ut
310 2721 425 2763 vocem
448 2701 597 2764 Graecam
614 2699 737 2764 referat.
790 2703 939 2784 Denique
958 2721 1101 2764 eorume-

52 2825 199 2869 moratur
224 2803 431 2880 urbeTyde‚
463 2799 586 2866 Τοῦὃαι
607 2803 639 2862 in
663 2803 799 2865 Ptolem.
820 2819 852 2874 Ω,
874 2805 906 2867 6.
942 2801 1102 2896 ccfiellum
1205 2827 1211 2838 ·

53 2908 182 2978 Plinio,
218 2905 419 2966 aDiorucde
441 2906 579 2967 condita.
613 2901 663 2966 Cf.
685 2905 740 2967 stt.
762 2903 832 2967 ltal.
853 2907 907 2974 16.
933 2907 1016 2984 368.
1046 2907 1103 2986 qui

54 3009 131 3072 ltine
154 3005 308 3072 Aetolum
329 3019 422 3066 vocat
441 3019 474 3084 3,
494 3007 579 3085 567.
629 3005 717 3067 Bene
735 3019 841 3068 autem
858 3005 1101 3070 Drakenborch.

55 3115 94 3172 acl
110 3113 261 3194 priorem
278 3107 384 3168 locum
400 3127 437 3168 ex
455 3106 752 3186 Dromon-uuas.
771 3119 804 3168 et
824 3108 950 3170 Avieno
967 3129 997 3168 v.
1017 3109 1103 3186 648.

55 3214 188 3280 docuit,
219 3209 415 3270 Diomedem
439 3207 619 3290 Hispaniam
640 3207 763 3284 adiilla,
791 3223 875 3270 certe
893 3211 923 3269 id
945 3209 1104 3271 creditum

53 3311 166 3386 luille;
196 3311 316 3388 Tydeu
331 3322 437 3370 autem
453 3311 486 3370 in
502 3309 630 3373 Groviie
648 3310 793 3372 conlocat
806 3311 1018 3373 Ptolemaeus.
1051 3311 1103 3372 lle
1228 3309 1233 3322 '

55 3417 174 3498 quibua
196 3411 353 3476 omnibue
371 3411 436 3474 vid.
454 3409 628 3476 llesendiue
644 3412 677 3470 iu
700 3412 819 3493 antiqu.
838 3411 975 3475 Lusrtan.
992 3408 1047 3473 lib.
1070 3431 1101 3474 ι.

54 3539 88 3600 p.
105 3539 152 3580 m.
172 3529 233 3592 37.
286 3513 466 3574 lemnum
489 3513 549 3584 eil,
578 3513 662 3595 quod
685 3512 768 3574 Mela
788 3512 965 3584 Callaecot.
991 3515 1047 3595 qul
1068 3515 1103 3575 iu

56 3639 110 3684 ora
130 3617 301 3685 sederunt,
334 3615 475 3696 amplum
501 3616 672 3696 populum.
701 3615 793 3696 plane
814 3617 991 3697 praeteriit,
1023 3615 1104 3678 Gro-

57 3722 131 3783 vloe
153 3730 268 3781 contra
286 3717 495 3784 memoravit.
529 3719 583 3797 qui
608 3729 714 3776 tamen
737 3716 812 3776 ltinc
835 3720 993 3778 remotiue
1015 3716 1103 3779 habl-

57 3823 132 3884 talle
153 3821 331 3887 videntur,
360 3816 378 3875 sr
403 3817 622 3879 Ptolemaeum
641 3817 759 3878 audiat.
802 3816 951 3878 lllannert
968 3838 1000 3900 p.
1016 3831 1101 3900 339.

59 3925 126 3986 o.l.
146 3933 253 4004 putat,
284 3917 405 3980 Melam
423 3939 477 3980 eoa
499 3939 571 3980 cum
595 3919 731 3978 Bracaris
749 3916 985 3982 commiscuille.
1038 3921 1103 3984 Sed

60 4025 188 4094 dubito,
210 4042 252 4082 au
269 4039 384 4082 verum
398 4019 443 4100 stt,
464 4033 496 4082 et
509 4021 625 4100 'lyden
635 4015 772 4080 [Tuder
789 4037 861 4079 cum
874 4019 1003 4084 Groviie
1017 4023 1103 4084 male

58 4127 286 4192 Ptolemaeum
303 4119 446 4204 puluille.
469 4139 686 4203 numeroeque
703 4133 867 4206 corruptor
882 4123 988 4188 credo.
1017 4122 1103 4188 Nara
