2696 4896
217 385 221 396 ’
272 409 332 493 ι4σ
536 411 701 474 uoraa
742 411 1048 486 axaaarrcaa
1170 433 1173 438 ·

195 641 203 656 ,
271 591 382 656 toliere
408 587 544 651 subiicit.
592 587 715 650 Plinius
742 588 831 649 enim
857 537 1032 670 psaemittit
1064 588 1141 650 iliud
1168 588 1208 650 de
1241 547 1336 668 Cyri

200 681 211 690 ’
273 693 427 757 sontibua.
482 691 585 774 Magia
602 689 708 750 turbat
725 689 909 751 Herodotna
931 711 958 760 r,
979 707 1060 752 coa.
1085 691 1187 772 quiin
1205 691 1328 762 Media

273 815 313 859 ex
329 793 479 854 Matienia
497 791 662 852 montibus
683 791 822 856 defluere
837 791 923 860 dicit,
946 809 1046 874 prope
1062 792 1205 872 Scythae.
1238 811 1327 874 quoa

272 910 306 960 et
326 894 372 955 ibi
395 896 488 976 ponit
514 893 648 956 Diodor.
668 907 701 962 a,
725 899 784 974 43.
810 891 1005 977 Massagetae,
1034 892 1209 960 Issedones.
1240 913 1326 974 qnae

273 1011 381 1059 tamen
410 997 445 1056 in
471 993 597 1056 Mediae
623 995 742 1056 Araxen
771 1011 838 1054 non
866 995 1084 1066 conveniunt,
1118 993 1326 1056 Issedonibua

274 1099 411 1162 minime
433 1097 582 1164 adfinem,
613 1114 671 1157 uec
693 1114 729 1156 ca
751 1095 983 1177 amplitudine,
1016 1115 1109 1177 quam
1133 1097 1210 1157 dicit
1240 1097 1321 1158 istro

274 1200 441 1262 maiorem.
492 1195 561 1259 Nec
577 1195 620 1258 esi
637 1197 671 1256 in
689 1195 796 1257 Media
818 1195 955 1266 fluvius,
986 1199 1039 1278 qui
1064 1218 1118 1278 per
1140 1211 1265 1277 uoora
1287 1199 1323 1260 ira

275 1321 362 1364 marc
378 1297 527 1382 Caspium
550 1297 740 1360 effundatur.
795 1298 899 1380 Quam
923 1295 1143 1360 difficultatem
1165 1313 1201 1360 ut
1226 1301 1322 1362 tolie·

275 1416 348 1464 rent
373 1403 435 1462 viri
464 1401 569 1471 docti,
603 1400 702 1460 alium
730 1399 864 1460 fluvium
887 1401 1121 1479 quaesiverunt,
1156 1401 1194 1461 ati
1216 1419 1323 1481 quem

275 1505 399 1587 potiora
410 1503 526 1564 iudicia
543 1499 701 1563 transferri
715 1499 848 1583 possent,
864 1502 897 1561 in
913 1501 1024 1583 primia
1038 1521 1111 1562 cnm
1128 1503 1168 1562 de
1187 1503 1322 1564 Mediae

276 1605 412 1668 flumine
434 1617 563 1686 propter
588 1603 706 1664 accolas
728 1603 858 1686 cogitari
881 1621 948 1663 non
971 1599 1076 1684 possit.
1131 1601 1258 1666 Vosfiua
1282 1603 1323 1663 ad

277 1706 311 1769 h.
335 1707 356 1768 1.
385 1707 425 1767 de
449 1705 519 1767 Oxo
545 1705 714 1788 intelligit,
751 1723 848 1783 quem
873 1718 947 1764 ante
975 1705 1122 1766 victorias
1146 1705 1323 1765 Alexandri

276 1809 399 1870 Araxen
416 1807 610 1888 adpellatum
628 1804 688 1865 esse
703 1825 719 1865 a
736 1803 861 1867 Graecia
874 1805 1045 1876 existimat,
1069 1827 1141 1867 cum
1158 1807 1197 1866 ad
1214 1809 1323 1866 trien·

277 1913 338 1972 tate
358 1910 452 1970 marie
475 1907 578 1989 Caspii
601 1908 682 1968 lama
703 1907 794 1966 illum
817 1906 1001 1968 describant.
1062 1909 1168 1991 Quam
1194 1905 1321 1968 senten·

276 2013 354 2074 tiam
374 2023 410 2070 ut
430 2007 576 2078 stabiliat.
605 2009 693 2068 addit
713 2007 807 2069 bacca
851 2009 971 2095 „Quod
997 2007 1080 2070 Mela
1102 2023 1134 2070 et
1154 2009 1208 2070 alii
1224 2009 1322 2070 Araxi

276 2110 473 2180 adscribunt.
506 2109 584 2169 illuri
607 2107 708 2190 ipsum
723 2109 876 2186 Polybiua
901 2111 984 2190 [to‚
1001 2106 1082 2194 aa]
1105 2108 1177 2171 Oxo
1192 2111 1322 2180 tribuit,

276 2211 439 2273 utstatim
473 2209 684 2272 ostendemus.
727 2204 820 2296 [Viri.
848 2229 926 2272 mox
955 2213 993 2272 ad
1021 2211 1116 2272 verba
1134 2203 1320 2302 sublimin]

279 2311 452 2392 Dionysrua
471 2331 597 2393 quoquc
612 2311 843 2376 Alexandriana
857 2306 911 2398 [v.
931 2307 1035 2398 759.]
1057 2315 1188 2374 Araxem
1210 2311 1321 2376 Massa·

277 2425 422 2499 getarum
440 2411 512 2474 iacit
525 2415 716 2482 terminum.
746 2412 796 2474 sed
813 2433 976 2497 perperam
993 2415 1032 2474 ab
1049 2414 1121 2475 Oxo
1137 2413 1320 2498 distinguit.

277 2515 346 2576 iarn
366 2533 461 2584 vcro,
492 2515 579 2595 quod
604 2515 867 2578 Herodotuac.1.
893 2513 996 2576 scribit
1018 2519 1147 2576 araxem
1163 2527 1212 2592 40
1232 2515 1319 2587 ostia,

276 2615 342 2676 five
365 2617 473 2696 potina
497 2611 672 2702 ἐκτροπαῖς,
706 2613 838 2686 habere.
870 2617 950 2678 iliud
975 2613 1077 2680 nescio
1100 2635 1145 2678 an·
1165 2619 1320 2699 cuiquam

277 2715 409 2778 flumine
432 2718 465 2776 iu
482 2715 630 2798 Caspium
652 2717 784 2779 exeunti
807 2712 900 2799 poffit
921 2716 1068 2789 adscribi,
1096 2731 1320 2799 praeterquam

277 2817 415 2901 Volgac‚
449 2820 502 2880 vel
523 2819 594 2881 siba
617 2817 729 2881 fluvio.
789 2821 906 2880 Verum
925 2821 965 2881 de
987 2821 1050 2882 hoc
1071 2817 1150 2880 insra
1169 2837 1320 2902 agemus.

278 2917 377 3001 Quod
393 2933 499 2980 autem
515 2919 695 2982 Aristotelea
711 2919 756 2980 ait
776 2915 935 3006 [Meteor.
952 2941 980 2992 r,
1002 2916 1077 3008 133]
1101 2922 1225 2981 Tanain
1242 2940 1321 3003 pro-

277 3019 376 3082 fluere
401 3037 439 3080 ex
456 3021 572 3091 Araxe,
606 3034 639 3083 et
660 3021 723 3082 hoc
744 3039 873 3103 quoque
897 3041 1010 3084 verum
1030 3022 1092 3084 esse
1110 3041 1177 3084 non
1199 3022 1319 3104 potest,

275 3119 334 3181 nifi
367 3141 424 3202 per
454 3121 586 3184 Ararrcm
614 3121 749 3183 fluvium
775 3123 844 3184 liba
871 3120 892 3184 s.
923 3123 1052 3208 Volgam
1085 3122 1319 3208 intelligamus.

275 3221 350 3283 Hoc
365 3223 452 3283 enim
471 3223 588 3305 posito,
615 3225 678 3285 iam
694 3225 898 3286 commodam
918 3225 1014 3286 verba
1032 3224 1200 3286 Aristotelia
1219 3227 1320 3286 inter·

274 3325 486 3405 pretationem
508 3326 700 3394 admittunt,
732 3345 851 3409 nempe
870 3339 906 3387 ut
926 3343 962 3386 ea
989 3327 1146 3407 capiamua
1171 3327 1210 3388 de
1235 3323 1319 3388 fossa

276 3423 346 3495 ilia,
377 3443 456 3507 quae
479 3425 576 3488 hodie
592 3445 721 3508 quoque
740 3440 920 3509 comparet,
947 3427 1011 3487 illic
1025 3427 1081 3486 ubi
1098 3427 1195 3510 Voiga
1210 3429 1319 3490 Tanai

275 3525 443 3607 proximus
462 3527 520 3597 esi,
553 3545 695 3608 quaeque
714 3542 884 3609 utrumque
900 3527 963 3589 boc
979 3529 1098 3590 flumen
1121 3529 1314 3614 committit.

276 3623 391 3688 Nescio
408 3627 483 3708 quid
499 3615 618 3689 barbari
635 3626 728 3690 fossae
744 3628 864 3690 accolae
879 3629 919 3690 de
937 3629 993 3689 hac
1010 3643 1154 3702 narrent;
1179 3629 1315 3690 iuterim

274 3747 341 3789 uon
362 3727 492 3798 dubito,
518 3731 595 3810 quin
611 3724 844 3809 antiquiffirnua
863 3731 896 3788 tit
911 3730 1024 3792 canalia
1042 3729 1114 3800 iiic.
1144 3750 1179 3791 ac
1191 3731 1218 3792 ia
1235 3728 1312 3812 ipse,

274 3840 425 3910 utputo,
460 3831 548 3893 cuius
566 3831 715 3890 meminit
736 3831 902 3912 aliquoties
919 3831 1101 3894 Herodotus
1124 3828 1178 3920 [4.
1198 3845 1230 3910 3.
1251 3847 1311 3896 ao.

275 3939 334 4005 aa.
365 3929 436 3990 vid.
453 3930 632 4015 Wesseling.
648 3933 685 3991 ad
704 3942 737 4008 4,
756 3925 810 4017 3.]
834 3932 962 4001 addens,
980 3953 995 3992 a
1015 3931 1109 3994 servia
1120 3933 1311 4010 Scytharum

272 4027 333 4092 esse
353 4028 504 4096 effossam.
555 4033 755 4096 Confluentis
780 4034 875 4094 huius
890 4053 1015 4114 qnoque
1037 4034 1187 4096 meminit
1201 4035 1310 4096 Theo·

183 4183 184 4186 ,
270 4129 392 4212 phanea
409 4133 444 4194 in
461 4132 613 4197 chronico
631 4136 670 4196 ad
687 4153 807 4197 annum
823 4135 939 4198 mundi
957 4135 1067 4215 6170.
1108 4135 1246 4220 Apparet
1268 4155 1310 4198 ex
