2748 4888
4 29 6 74 l

4 211 8 258 .

168 415 226 474 nt
254 414 397 474 romr.
424 414 529 472 met„
571 415 681 472 Lan.
723 415 802 473 ct.
843 413 944 486 §.tm
1045 421 1088 492 43

59 580 147 683 ηψπ
170 589 306 652 iudicat
323 585 551 662 Caiauboous.
578 587 776 653 adsentiente
797 587 907 652 Marce
925 589 960 652 in
978 586 1088 652 Merca

56 691 171 774 tttpm.
194 709 232 763 ι.
258 699 315 771 14,
332 703 367 769 3.
399 693 454 773 qul
474 693 507 756 h.
531 693 563 756 8.
587 691 717 753 Manioi
734 690 774 752 de
797 689 877 753 Orio
901 691 965 754 dici
984 703 1089 774 putat.

52 793 175 856 utorio
192 793 356 856 fluvium.
408 793 516 857 Cardo
536 789 727 876 quaestionis
750 789 783 854 in
807 811 847 856 eo
865 789 1022 864 versatur,
1047 811 1089 857 an

47 885 233 986 Mmlaseus
259 895 441 957 Ptolemaei
469 895 504 958 stt
530 895 637 958 Melae
662 893 847 976 Magrada.
884 895 934 958 oti
960 891 1089 958 censent

45 995 249 1058 liarcaul.
288 996 521 1062 villanovanut
540 999 579 1060 ad
601 997 741 1060 Ptolem.
764 1015 791 1060 c.
814 997 837 1060 1.
889 995 1010 1080 Quodli
1036 997 1091 1060 hic

44 1097 161 1160 lioviue
183 1095 231 1158 ab
264 1095 411 1159 Oealone
437 1097 560 1161 duabue
593 1100 717 1160 circiter
748 1097 875 1182 magnit
906 1099 1004 1161 leucia
1031 1095 1088 1162 lec.

43 1199 230 1262 Ptolemaei
288 1212 442 1262 numeroe
502 1213 647 1262 remotae
698 1195 781 1271 ioit,
847 1217 915 1261 oon
971 1215 1089 1263 conve·

12 1301 112 1364 faire
141 1299 282 1362 videtur
311 1298 435 1363 Oealon
465 1301 539 1364 vico
558 1299 651 1371 Orio.
691 1301 746 1384 qni
776 1317 891 1384 parum
914 1295 1090 1366 altono

45 1402 157 1474 distat,
192 1412 364 1486 praeterea
386 1419 453 1463 non
475 1404 509 1465 in
531 1396 597 1486 ipia
615 1421 688 1474 ora,
716 1421 811 1484 quam
827 1401 914 1464 Mela
932 1399 1091 1474 describit.

45 1503 118 1567 litua
140 1503 202 1574 est,
241 1515 275 1566 et
298 1503 484 1575 latitudine,
522 1523 589 1566 non
620 1504 842 1588 longitndine,
881 1516 918 1565 ut
939 1503 984 1567 eii
1005 1505 1091 1588 apud

45 1605 293 1676 Ptolemaeum,
322 1603 362 1665 ab
385 1605 470 1665 illiue
493 1605 586 1666 fluvii
608 1605 687 1667 ollio
710 1603 878 1688 separatur.
929 1603 1093 1668 Numero·

45 1727 125 1770 vero
141 1709 177 1768 in
195 1707 389 1769 Ptolemaeo
410 1720 574 1790 comtptot
588 1705 746 1774 non'elle.
771 1706 879 1767 innuit
896 1705 980 1771 cod.
994 1704 1092 1770 Parii.

47 1809 79 1870 in
94 1827 162 1892 quo
177 1810 237 1870 ille
252 1808 371 1870 fluvius
387 1827 454 1870 non
469 1807 672 1876 vasconibue‚
697 1807 747 1869 led
765 1806 915 1872 Vardulie
933 1807 1092 1871 tribuitur.

48 1913 95 1972 Ex
121 1929 191 1992 quo
223 1926 357 1990 uterque
385 1905 527 1972 dit-erint
552 1908 612 1973 elle
639 1909 779 1974 videtur.
837 1910 972 1972 Rectius
998 1927 1093 1990 porro

49 2010 152 2074 Oeal'o
176 2011 212 2071 h.
234 2010 270 2070 [it
292 2008 505 2072 Forttorrobia
528 2009 548 2074 ῐ.
565 2009 819 2073 Percote-lindio
842 2011 880 2072 ad
905 2009 939 2074 tl.
957 2009 1095 2093 Andaya

53 2112 72 2172 t
100 2103 277 2204 Videsne,
313 2110 490 2174 Menlaicue
516 2112 691 2174 Ptolemaei
720 2111 807 2194 Orio.
859 2111 912 2176 Cf.
942 2111 1095 2174 Maonert

52 2235 84 2296 p.
99 2235 145 2277 m.
161 2225 252 2293 355.
283 2227 316 2276 et
340 2215 395 2294 qui
419 2215 507 2296 plura
528 2215 568 2276 de
590 2213 652 2274 hoc
669 2213 768 2274 florio
789 2211 956 2284 adierunt.
986 2211 1095 2277 Marce

52 2335 78 2376 c.
95 2317 119 2378 1.
142 2329 177 2378 et
195 2315 397 2377 Oihenartne
411 2334 438 2377 c.
452 2315 472 2375 l.
492 2331 525 2385 Ω,
545 2327 578 2393 8.
598 2335 631 2398 p.
652 2315 731 2378 16⁶.
760 2317 816 2397 qui
836 2316 933 2378 etiam
954 2329 1038 2378 certe
1060 2317 1095 2377 in

53 2418 173 2478 ricinia
193 2416 426 2479 Fontarrabiae
442 2414 618 2478 Oealonem
636 2418 770 2498 quaerit.
807 2415 880 2478 Hoc
897 2437 1000 2478 uniam
1016 2413 1098 2478 diiii·

56 2519 214 2581 cultatem
238 2531 392 2589 moveat,
418 2518 503 2598 qnod
521 2517 605 2578 Mela
623 2514 763 2588 subiicit,
790 2517 867 2579 hinc
884 2517 923 2579 ad
940 2517 1098 2598 Pyrenaei

59 2619 410 2709 iugi-promontorium
428 2617 585 2681 Varduloe
601 2619 770 2701 pertinere.
807 2617 899 2680 Nihil
919 2623 1005 2682 enim
1022 2620 1099 2682 hinc

59 2717 122 2782 lere
146 2734 204 2782 aot
226 2740 343 2804 parom
367 2735 466 2781 terrae
488 2717 638 2802 lupercii,
670 2720 755 2803 quod
781 2738 936 2804 occupare
958 2735 991 2785 et
1009 2720 1099 2782 habi·

60 2835 124 2883 tare
141 2822 335 2906 'potuerint
387 2820 473 2904 Quid
496 2821 519 2883 li
545 2821 642 2907 igitur
665 2835 815 2904 partemue
839 2820 1019 2886 Oeaionem
1038 2819 1100 2886 elle

60 2921 91 2984 h.
110 2923 144 2985 S.
163 2919 347 3014 Sebrrflt'om'
371 2935 404 2984 et
426 2921 562 2984 fluvium
586 2922 773 3008 Magradam
793 2923 828 2986 lt.
851 2919 998 2986 Ummeo.
1051 2923 1100 2986 lta

59 3025 195 3106 quidem
219 3023 347 3085 tabulae
371 3021 516 3095 sancient,
548 3036 581 3085 et
605 3025 735 3086 adiuvat
758 3027 927 3087 auctoritate
946 3023 1101 3098 Floriani,

62 3125 207 3208 Ocampi
222 3138 255 3186 et
268 3123 432 3195 Garibani‚
457 3125 511 3206 qui
526 3123 683 3188 referente
698 3122 877 3188 Oihenarto
894 3145 926 3208 p.
943 3127 1021 3188 166.
1038 3143 1065 3188 c.
1076 3125 1100 3188 l.

63 3229 208 3298 tradunt,
227 3226 374 3309 proxime
389 3246 499 3289 moron
515 3226 602 3289 urbie
617 3227 649 3289 8.
662 3225 840 3321 Sebcrsliorri
856 3227 947 3288 illum
966 3227 1102 3288 fluvium

63 3329 97 3390 in
111 3348 204 3391 mare
221 3345 397 3390 excurrere.
432 3328 529 3416 Quod
547 3329 645 3415 igitur
658 3327 801 3412 superest,
824 3327 977 3391 Vascone·
994 3341 1103 3390 tenue·

62 3443 150 3494 runt.
185 3427 275 3492 Nam
290 3428 331 3491 fic
346 3429 471 3492 Pliniue
486 3439 520 3510 4,
540 3441 598 3510 34.
614 3427 635 3493 l.
653 3445 712 3494 ao.
734 3429 904 3492 commode
925 3430 1008 3491 inter
1022 3427 1104 3492 Oea·

65 3530 177 3594 ionem
198 3544 232 3594 et
247 3531 448 3610 Pyrenaeum
470 3531 563 3614 ponit
582 3521 764 3624 Vasconum
778 3523 905 3623 saints,
932 3543 966 3592 et
984 3551 1001 3592 a
1018 3529 1104 3594 Mela

64 3635 110 3695 illi
135 3633 248 3697 omitti
277 3633 331 3694 hic
361 3647 547 3717 potueruut.
598 3633 730 3696 Sublata
751 3632 826 3696 ellet
851 3629 1037 3702 difficulter,
1071 3633 1104 3706 fi.

63 3737 155 3830 quod
192 3735 341 3798 adfirmat
364 3735 503 3821 Scaliger
528 3733 584 3798 lib.
610 3753 641 3800 t.
686 3731 830 3798 dolonn.
865 3733 950 3795 lectt.
977 3753 1045 3815 cap.
1070 3735 1106 3798 6.

67 3836 227 3900 Vascone·
256 3853 331 3898 mm
353 3835 522 3900 Cantabria
544 3855 561 3897 a
581 3833 711 3898 Mellala
740 3837 819 3896 victi
841 3835 875 3894 in
901 3835 1106 3916 Aquitaniam

40 3948 43 3956 “
67 3938 271 4010 tranlierint3
295 3951 327 4000 at
342 3957 410 4002 non
429 3937 554 4020 probat.
579 3951 612 3999 et
626 3947 807 4024 repugnant
821 3935 945 4008 Strabo,
972 3935 1106 4008 Pliniue,

67 4041 296 4114 Ptolemaeus.
322 4041 378 4123 qui
399 4058 454 4104 eoa
469 4040 504 4103 io
522 4035 675 4124 Hispania
689 4051 956 4103 commemorant
