2650 4896
275 393 338 464 ιιι
543 383 702 444 noran
741 382 1044 444 exacerrosn

276 554 366 622 orbis
389 547 608 640 descriptione
628 553 667 642 (a
686 555 889 620 Gothosredo
907 553 980 642 ed.)
1001 553 1047 620 in.
1073 551 1134 620 ubi
1150 555 1237 620 etde
1256 577 1302 620 eo·

274 681 350 723 rum
370 654 524 720 institutis
553 673 587 720 et
616 654 776 724 moribus.
821 656 909 722 Alias
932 661 985 723 Gr.
1009 658 1114 746 Σῆρες
1141 671 1300 720 vocantur.

275 759 460 844 Stephanus
483 759 515 822 h.
539 781 571 820 r.
595 774 694 821 vocat
712 756 802 844 γένος
821 753 968 834 Ἰνδικὸν,
994 775 1028 822 et
1048 760 1183 824 Orosius
1199 773 1231 836 3,
1252 767 1299 836 23.

274 881 348 948 pag.
368 877 449 925 sos.
468 859 519 922 ed.
534 856 769 941 Har·erc.]inter
785 859 867 922 duos
880 880 993 924 amnes
1006 860 1193 943 Hydaspem
1209 874 1240 921 et
1257 861 1300 920 ln·

277 963 358 1026 dum
374 958 566 1024 constitutos
583 957 691 1024 tradit.
719 961 834 1029 Strabo
850 973 903 1039 ²5·
918 984 951 1047 p.
959 961 1075 1042 485.s.
1087 975 1173 1034 τοι.
1191 957 1299 1021 dissen-

276 1061 339 1128 tire
354 1059 493 1124 minime
509 1059 651 1134 videtur,
679 1059 748 1148 an,
773 1061 853 1124 dum
867 1065 951 1126 ultra
967 1057 1124 1146 Hypanin
1141 1057 1300 1144 regionem

276 1163 437 1248 optimam
461 1163 521 1225 esse
541 1159 726 1246 praedicat,
759 1163 877 1226 Serum
898 1162 945 1225 ibi
963 1161 1174 1228 mentionem
1193 1159 1300 1223 iniicit.

275 1266 434 1350 Hypanin
451 1260 541 1326 enim
557 1264 673 1327 Strabo
691 1261 746 1326 hic
764 1279 796 1325 st
818 1280 894 1326 ante
911 1287 943 1348 p.
958 1273 1043 1344 48⁰·
1059 1264 1079 1328 Γ.
1097 1265 1185 1344 697.
1205 1275 1300 1332 vocat,

276 1381 315 1430 ut
329 1363 404 1440 alii,
430 1385 512 1450 quos
533 1363 636 1426 adfert
647 1365 771 1448 Popma
787 1365 828 1426 ad
842 1363 996 1428 Curtium
1011 1384 1046 1446 9,
1067 1388 1095 1427 1.
1114 1363 1138 1426 Γ.
1163 1359 1222 1448 qni
1237 1359 1299 1422 aliis

276 1465 400 1530 dicitur
414 1461 573 1558 Hypofis,
598 1481 636 1528 ut
654 1462 765 1528 Plinio
782 1468 817 1542 6,
838 1483 893 1528 sa.
911 1467 931 1530 s.
950 1485 1005 1530 ao.
1032 1461 1153 1530 Curtio
1170 1484 1198 1526 c.
1211 1465 1231 1526 l.
1255 1463 1298 1524 vel

275 1564 452 1660 Hyplrefie
479 1582 517 1628 ut
528 1561 663 1628 Arriano
680 1567 722 1630 de
737 1587 808 1650 exp.
820 1567 908 1630 Alex.
927 1569 960 1640 6,
982 1577 1036 1646 ι4.
1061 1582 1094 1630 et
1108 1562 1215 1628 Indic.
1231 1573 1297 1642 et.

277 1672 332 1732 vel
346 1667 481 1748 Βίβασις
496 1667 635 1732 Ptolem.
653 1683 687 1740 7,
711 1691 738 1730 1.
757 1689 796 1732 ex
811 1664 1028 1751 adspiratione
1042 1669 1131 1729 male
1147 1679 1297 1752 percepta,

276 1785 315 1833 ut
329 1786 404 1832 ante
419 1765 591 1858 Brdoiorrryr.
624 1771 689 1831 Etsr
705 1765 795 1830 enim
809 1767 937 1831 Plinius
952 1779 987 1848 4,
1009 1771 1063 1832 es.
1080 1769 1101 1832 s.
1118 1785 1176 1830 rs.
1192 1784 1298 1848 magno

278 1891 388 1936 errore
410 1867 566 1953 Hypanin
589 1866 625 1931 in
648 1872 736 1933 Aliae
762 1885 852 1954 parte
883 1869 1122 1955 aquibusdam
1137 1865 1234 1953 prodi
1253 1863 1297 1926 ad·

275 1969 402 2043 firmet,
437 1971 561 2036 sactum
582 1987 692 2033 tamen
715 1970 775 2032 else
796 1967 929 2032 videtur
950 1992 990 2032 ex
1011 1967 1298 2034 Alexandrinorum

275 2071 422 2138 militum
437 2092 549 2144 more,
577 2070 632 2156 qui
651 2069 713 2133 alia
734 2069 835 2133 etiam
851 2073 917 2134 hoc
939 2072 980 2132 ad
995 2069 1122 2134 Indiam
1140 2067 1296 2132 transtule-

275 2190 366 2246 runt,
383 2189 415 2235 et
431 2173 581 2257 sequaces
597 2187 745 2235 auctores
761 2170 856 2235 facile
872 2174 1067 2235 habuerunt.
1093 2165 1296 2234 Vid.Salrnas.

277 2276 320 2338 ad
338 2271 440 2339 Solin.
456 2295 487 2357 p.
510 2294 553 2336 m.
572 2275 656 2352 556.
683 2269 739 2358 qui
759 2295 792 2356 p.
808 2283 894 2354 495.
910 2273 992 2335 adeo
1007 2271 1122 2349 credit,
1148 2265 1294 2334 recentio-

274 2397 327 2439 res
349 2371 499 2465 Hyposrrr
523 2389 651 2436 tantum
673 2371 796 2436 dixisse.
848 2374 981 2438 Constat
1003 2390 1113 2436 autem
1140 2395 1179 2435 ex
1203 2371 1295 2433 Ptole·

275 2495 371 2542 rnaeo
390 2496 417 2537 c.
432 2477 454 2538 I.
478 2471 648 2560 magisque
671 2496 711 2537 ex
724 2471 851 2540 Arriani
872 2472 976 2560 priori
995 2478 1087 2548 loco,
1114 2474 1253 2560 Hypasrn
1265 2467 1294 2529 in

273 2579 439 2644 Acesinem
460 2597 644 2648 excurrere,
668 2591 700 2638 et
714 2576 783 2660 poll
798 2597 874 2639 curn
888 2577 971 2637 Indo
986 2575 1159 2659 coniungi,
1184 2589 1216 2636 et
1232 2570 1294 2634 teste

273 2673 445 2764 posteriori
468 2698 540 2738 eam
561 2692 684 2738 metam
712 2673 803 2739 suilse
824 2675 1098 2761 progressionibus
1119 2664 1291 2740 Alexandri.

276 2781 324 2842 Ita
347 2797 426 2839 vero
446 2779 561 2839 Strabo
582 2775 618 2839 in
632 2773 727 2838 India
740 2779 834 2841 Seras
857 2777 955 2840 etiam
971 2781 1084 2850 habet,
1114 2799 1179 2840 nec
1196 2771 1292 2837 minus

277 2877 353 2950 alii,
379 2875 429 2940 uti
448 2899 487 2940 ex
500 2880 573 2940 lana
589 2876 700 2943 Serica
716 2885 803 2961 apud
820 2877 965 2940 nostrum
980 2877 1081 2942 etiarn
1098 2873 1291 2960 intelligitus

276 2978 334 3066 qui
348 2979 502 3044 modoad
518 2977 664 3052 Indiam,
688 2981 789 3041 modo
806 2979 846 3041 ad
859 2977 1026 3058 Scythiam
1039 2981 1132 3044 Seras
1148 2977 1291 3042 referunt.

274 3080 348 3146 Vid.
368 3076 539 3144 Ilerlrelius
563 3081 604 3140 ad
625 3081 779 3164 Stephon.
793 3081 825 3142 h.
841 3104 872 3144 r.
893 3103 925 3164 p.
945 3084 1029 3146 666.
1079 3079 1144 3146 Ilii
1168 3073 1291 3144 omnino

275 3178 313 3246 in
330 3179 458 3244 oriente
474 3195 603 3264 ponunt
618 3201 721 3267 prope
736 3181 846 3254 Indos,
868 3197 906 3244 ut
919 3185 1031 3246 Horat.
1054 3205 1082 3244 r.
1100 3183 1155 3246 od.
1175 3199 1227 3252 rs,
1242 3183 1290 3254 55·

274 3279 552 3356 Brachmanibus,
588 3303 670 3367 quos
700 3280 834 3366 quidam
868 3279 956 3346 circa
987 3284 1123 3366 Gangen
1150 3274 1292 3344 habitasse

274 3380 438 3457 scribunt,
463 3380 594 3446 ricinos
610 3379 690 3446 facit
708 3397 803 3444 vetus
822 3381 909 3445 orbis
928 3381 1102 3475 descriptio
1121 3367 1291 3468 (Gotlrosr.)

275 3505 346 3568 cap.
367 3503 397 3548 s.
448 3481 628 3567 Distinguit
643 3498 752 3546 autem
767 3483 880 3545 Noster
895 3483 985 3546 Seras
1007 3487 1066 3545 satu
1079 3481 1178 3546 etiam
1193 3505 1210 3544 a
1225 3480 1289 3555 Scy·

273 3582 340 3648 this
362 3601 394 3646 et
414 3581 525 3657 Indis,
550 3604 618 3646 non
638 3581 695 3646 hic
716 3585 839 3661 solum,
866 3581 1094 3668 progressionis
1110 3585 1220 3654 eursu,
1244 3574 1290 3640 sed

275 3701 309 3749 et
326 3682 442 3748 diserte
464 3707 492 3762 ι,
511 3703 544 3757 tt,
565 3699 599 3762 3.
625 3681 694 3756 ubi,
717 3685 813 3756 Seres,
834 3682 954 3770 inquit,
982 3687 1084 3747 media
1096 3679 1288 3776 fenneEw

273 3789 379 3870 partis
393 3786 545 3859 incolunt,
570 3785 649 3848 Indi
663 3799 694 3848 et
710 3773 845 3868 Scythae
864 3787 986 3850 ultima.
1025 3786 1126 3870 Quod
1142 3787 1219 3848 dum
1236 3775 1287 3842 mi·

273 3907 337 3948 nus
358 3902 445 3949 recte
468 3897 658 3970 perceperat
677 3883 836 3948 Cellarius
856 3883 892 3948 in
906 3889 948 3948 N.
965 3888 1004 3950 Ο.
1022 3889 1057 3948 Δ.
1080 3905 1113 3958 a,
1135 3897 1190 3966 24.
1206 3885 1226 3950 Γ.
1246 3899 1285 3943 re·

273 3984 449 4069 prehendit
462 3989 595 4060 Melam,
618 3983 676 4073 qui
692 3988 733 4048 src
749 3984 857 4050 dscere
873 3983 1047 4049 debuisset:
1074 3989 1163 4049 Seres
1176 3985 1283 4048 asima.

237 4134 240 4142 .
272 4087 362 4152 Mela
375 4106 454 4150 vero
469 4089 508 4154 ab
525 4103 663 4178 unaque
678 4088 795 4154 Serum
810 4103 901 4174 parte
917 4085 1034 4158 ultima
1049 4085 1222 4160 intellexit,
1244 4073 1283 4144 uti
