2696 4896
298 361 359 444 sno
569 363 730 424 noran
767 365 1068 425 exsoerrore

294 532 562 625 promontorium
582 537 717 603 sacrum
764 539 829 602 Sed
848 535 949 624 magis
971 559 1085 602 earum
1106 537 1200 604 situm
1222 541 1337 629 depri-

294 637 358 702 mit
377 637 524 704 Avienus
541 663 572 702 v.
590 651 673 724 738.
701 640 781 703 dum
804 637 1022 725 Aethiopibus
1045 642 1086 704 ad
1109 663 1198 706 mare
1220 647 1335 710 Atlas·

293 738 399 804 ticum
420 741 573 826 adfignat
626 745 716 804 Lare
735 742 776 804 sd
791 738 983 826 Hispaniam
997 738 1124 816 iacere,
1149 742 1172 806 i.
1196 765 1225 813 e.
1250 745 1335 830 spen

293 841 360 916 sas,
391 838 475 905 dicit
497 840 586 906 idem
609 840 721 906 inore
743 840 1033 924 maritimarum.
1083 848 1188 930 Supra
1208 849 1334 912 Lusita·

292 941 384 1008 niam
398 941 435 1006 in
451 939 581 1008 obiecto
596 941 772 1028 Hispaniae
786 942 870 1006 mari
884 947 971 1008 locat
984 944 1123 1009 Diodor.
1140 943 1205 1012 Sic.
1219 963 1255 1028 5.
1273 961 1331 1030 38.

293 1049 335 1110 At
356 1042 539 1129 longissime
560 1044 686 1110 recedit
707 1033 891 1131 Stephanos
908 1048 940 1110 b.
956 1067 988 1110 v.
1014 1050 1068 1108 vel
1093 1067 1195 1132 quem
1216 1050 1330 1114 testeos

293 1146 423 1232 adlegat
435 1143 628 1228 Dionysium
645 1145 681 1209 in
696 1145 881 1218 Bassarieis.
915 1142 1039 1234 quippe
1054 1146 1113 1234 qui
1135 1147 1171 1212 in
1193 1151 1329 1214 Oceano

291 1268 397 1332 prope
417 1246 546 1310 indiam
571 1251 640 1312 snas
662 1244 755 1310 fuisse
777 1245 897 1312 scribit.
957 1250 1062 1312 Caute
1083 1265 1117 1312 et
1138 1249 1330 1336 simpliciter

290 1350 480 1412 Herodotus
499 1364 532 1428 5.
555 1363 634 1428 ¹¹5·
668 1347 726 1435 qui
746 1353 843 1435 plane
870 1371 981 1412 earum
1005 1352 1098 1414 situm
1118 1348 1272 1435 ignorare
1298 1353 1329 1416 se

283 1451 422 1516 ‘satetuu
470 1452 613 1536 Adparet
635 1465 745 1514 tamen
764 1473 804 1514 ex
827 1451 919 1536 supro
941 1448 1038 1516 dictis
1060 1449 1199 1537 propius
1215 1451 1326 1538 Hispa·

289 1551 381 1616 niam
397 1555 571 1640 plerosque
587 1550 741 1637 posuisse,
765 1556 832 1624 etsi.
854 1551 967 1639 inqua
984 1549 1055 1616 eius
1072 1555 1184 1638 plaga,
1211 1577 1326 1640 parum

289 1651 503 1718 constiterint.
555 1653 644 1718 Hine
659 1671 693 1717 et
708 1653 897 1741 κασσίτερον
913 1651 1077 1720 Κελτικόν
1095 1671 1194 1718 vocat
1209 1655 1323 1720 Arislo-

288 1759 371 1820 teles
387 1757 428 1818 de
446 1753 561 1818 mirab.
583 1755 716 1819 auscult.
732 1775 802 1840 cap.
819 1768 877 1833 51.
929 1757 997 1840 Ipsa
1022 1753 1157 1842 quidem
1180 1757 1323 1820 narratio

288 1859 329 1922 ad
353 1873 538 1921 commenta
556 1853 670 1920 referri
690 1855 830 1919 minime
849 1857 968 1941 potest.
996 1877 1072 1920 eum
1093 1855 1180 1921 nihil
1201 1859 1323 1922 adserat

288 1957 418 2023 absurdi
434 1974 468 2022 et
483 1959 521 2021 ab
538 1955 740 2043 experientia
758 1955 874 2035 alieni,
902 1961 957 2021 etsr
974 1955 1092 2021 sabulis
1114 1957 1197 2023 velit
1213 1981 1322 2024 accen·

288 2061 357 2124 sere
379 2061 420 2122 de
442 2057 578 2122 navium
602 2079 642 2122 ex
663 2057 776 2124 insulis
796 2074 931 2122 vectura
953 2057 1174 2124 narrationem
1195 2059 1320 2126 Plinius

287 2173 349 2242 34,
365 2173 426 2242 47.
443 2161 466 2223 s.
484 2163 538 2224 16.
561 2181 638 2223 cum
652 2177 779 2224 certum
794 2177 874 2224 tunc
889 2158 1000 2233 suerit,
1023 2161 1170 2224 stannum
1185 2161 1224 2225 in
1237 2165 1319 2224 Lusi·

286 2260 374 2326 tonia
397 2259 491 2346 gigni
516 2277 550 2324 et
569 2258 606 2322 in
629 2260 799 2326 Gallaecia.
851 2265 936 2326 Sunt
954 2259 1044 2324 enirn
1064 2260 1208 2334 insulae.
1240 2285 1318 2349 quae

284 2361 443 2448 largiores
458 2359 560 2426 sunni
579 2384 678 2426 venas
694 2363 878 2436 ostendant,
904 2379 938 2426 at
954 2361 1086 2426 aliunde
1101 2361 1137 2426 in
1151 2363 1317 2428 Graeciam

285 2466 460 2530 advectum
493 2465 572 2538 esse,
606 2481 720 2528 omnes
754 2464 915 2528 tollantur.
976 2462 1032 2527 Sic
1064 2463 1181 2528 diserte
1214 2480 1316 2528 narrat

284 2565 454 2632 Diodorus
469 2587 497 2630 e.
515 2568 536 2630 l.
557 2565 704 2628 slannum
719 2587 758 2628 ex
773 2564 875 2628 insula
889 2562 1077 2630 Britannica
1091 2564 1127 2627 in
1141 2568 1315 2650 obpositam

284 2665 408 2732 Galliae
431 2664 658 2731 continentem
678 2682 950 2752 transportatum,
981 2683 1014 2729 et
1036 2663 1114 2728 inde
1137 2689 1197 2751 per
1222 2665 1314 2733 Celti·

284 2791 358 2833 cam
383 2766 655 2831 mediterraneam
683 2789 701 2830 a
722 2766 957 2831 mercatoribus
984 2768 1025 2830 ad
1050 2767 1261 2832 Massilienses
1286 2783 1314 2831 et

282 2872 436 2936 Narbona
457 2870 601 2932 delatum
621 2870 692 2933 esse.
740 2868 828 2932 Hine
849 2867 952 2953 igitur
969 2871 1009 2930 ad
1033 2871 1172 2932 Graecos
1196 2867 1311 2933 devehi

282 2971 422 3038 navibus
454 2972 629 3036 commode
659 2969 778 3055 potuit
844 2973 951 3056 Quam
982 2968 1118 3056 quidem
1150 2967 1311 3034 Posidonii

282 3072 376 3137 suisse
394 3069 597 3157 opinionem,
624 3072 755 3156 adparet
771 3093 809 3134 ex
827 3073 985 3134 Strabone
1002 3089 1034 3150 3.
1047 3095 1078 3156 p.
1099 3095 1178 3136 ror.
1191 3073 1215 3137 s.
1238 3083 1308 3151 147.

282 3171 341 3262 qui
364 3175 479 3239 eadem
500 3175 613 3248 haben
649 3189 776 3236 martum
801 3171 920 3257 plurali
951 3170 1170 3261 Βρεττανικαῖς
1190 3172 1309 3260 νήσους.

282 3297 361 3362 quas
391 3272 674 3339 aCassrteridibus
704 3273 882 3358 distinguit.
936 3275 1035 3360 Quod
1065 3290 1172 3338 tamen
1207 3271 1331 3340 scribitj

281 3374 372 3440 idem
392 3396 462 3460 pag.
482 3394 561 3438 rar.
578 3376 599 3438 s.
620 3388 699 3457 175.
722 3375 904 3439 Phoenices
928 3397 945 3438 a
963 3373 1108 3439 Gadibus
1125 3397 1176 3439 eas
1196 3375 1308 3439 insulas

279 3477 466 3565 petierunt,
492 3497 630 3562 eamque
649 3475 892 3561 navigationem
908 3476 953 3539 ita
968 3479 1131 3550 celarunt.
1156 3495 1210 3551 ut,
1239 3497 1306 3541 curn

280 3577 457 3666 aliquando
481 3575 573 3641 navis
593 3581 738 3641 Romana
759 3576 973 3642 Phoenicium
996 3579 1200 3663 sequeretur,
1235 3581 1304 3641 baec

279 3683 322 3744 sd
353 3681 475 3744 vadum
502 3677 605 3742 adlidi
638 3683 749 3743 mallet
773 3701 850 3743 cum
872 3681 1037 3754 Ilomana;
1077 3681 1156 3742 dum
1181 3681 1302 3743 tandem

277 3779 417 3846 Publius
437 3781 567 3848 ,Crassus
587 3778 675 3842 viam
690 3779 827 3846 detexit.
856 3783 898 3844 At
911 3783 953 3844 de
968 3784 1028 3843 suu
1042 3801 1120 3844 vero
1136 3779 1299 3866 quaeritur.

279 3880 456 3948 Cluverius
472 3880 507 3944 iu
523 3880 697 3946 Germania
708 3893 773 3947 ant
795 3907 824 3955 ι,
844 3901 873 3945 a.
891 3904 922 3965 p.
938 3901 991 3962 19.
1009 3899 1111 3966 putat,
1137 3881 1299 3970 antiquissi-

278 4003 351 4048 mos
372 3985 571 4046 Graecorum
591 3981 794 4048 Britannicas
816 3982 937 4046 insulas
958 3981 1165 4058 intellexisse,
1191 3999 1298 4068 easque

277 4105 337 4174 per
363 4103 507 4150 errorem
531 4105 600 4150 nou
625 4089 742 4171 procul
766 4089 806 4150 ab
830 4081 985 4170 Hispania
1017 4082 1164 4170 posuisse.
1214 4086 1298 4150 Certe
