2650 4896
167 383 221 444 rra
248 384 382 446 roua.
412 386 520 446 nar.
560 386 671 446 cru.
713 384 846 450 cvm
886 384 965 459 a5.
1027 403 1091 468 8.,

42 583 79 648 p.
97 573 188 642 5οι.
210 559 232 627 s.
250 572 334 641 708.
376 549 680 648 Quaefltun'aigitnr
696 559 775 624 hinc
793 560 970 625 ellavlria
988 563 1093 630 doctie
1152 617 1155 627 .

43 679 79 730 et
104 667 324 748 disputatum.
351 664 451 746 qualia
468 665 520 728 hic
536 663 611 728 esset
626 665 764 736 fluviae.
791 663 832 726 de
852 667 1006 746 quesiti.
1025 667 1092 728 Sal.

44 765 127 829 mas.
145 769 189 828 ad
209 767 310 830 Solio.
326 785 394 849 cap.
410 781 469 844 37.
492 764 513 830 s.
531 777 592 846 40.
608 787 641 850 p.
658 787 703 832 m.
719 775 807 847 494.
831 784 899 850 cap.
916 777 975 848 54.
993 765 1014 832 s.
1030 779 1091 848 58.

43 889 78 952 p.
96 889 147 930 m.
164 881 249 948 880.
272 867 429 932 Cellariua
443 869 604 955 inGeogr.
620 881 686 932 ant.
705 881 738 947 8,
754 869 807 938 ι6,
819 884 878 931 oo.
893 880 927 932 at
941 882 975 946 8.
990 887 1043 950 ι9,
1055 881 1090 948 5.

44 967 156 1034 Causa
177 967 381 1052 prosectiouie
403 967 482 1042 suit,
512 985 548 1032 nt
564 970 780 1034 Alexandrum
801 971 968 1054 iungeret,
994 991 1091 1054 quem

46 1073 83 1134 in
105 1071 276 1134 Satanan
295 1071 488 1135 contendere
509 1073 666 1135 audierat.
716 1069 839 1133 Diserte
857 1086 966 1134 autem
983 1087 1092 1136 narrat

45 1172 237 1244 Nearchum
278 1193 335 1256 per
365 1172 546 1260 Pasitigrim
576 1186 722 1236 revector
751 1169 922 1236 consedisse
947 1176 986 1235 ad
1014 1195 1093 1239 enm

45 1275 178 1346 heum,
209 1272 268 1336 ubi
287 1287 420 1358 pontem
445 1273 562 1338 iecerat
583 1274 779 1343 Alexander.
811 1293 885 1334 cum
907 1275 983 1338 Susa
1003 1293 1092 1340 exer·

46 1377 154 1438 citum
181 1377 323 1438 traiicere
348 1377 456 1440 vellet.
515 1378 615 1462 lgitur
636 1375 720 1440 Sulla
745 1376 865 1438 fluviae
891 1375 944 1439 ille
968 1377 1088 1444 aberat.

46 1477 158 1559 Atque
180 1478 213 1538 id
235 1480 425 1540 confirmant
445 1478 582 1540 aliorum
602 1480 691 1550 loca,
725 1477 781 1538 uhi
797 1477 975 1540 Alexander
999 1493 1089 1546 moto

46 1580 192 1640 exercitu
209 1577 344 1662 spatium
360 1581 483 1642 itineris
505 1581 603 1642 etiam
620 1580 773 1666 longioria
788 1577 933 1642 emensua
950 1579 1034 1644 Susre
1049 1579 1090 1644 ad

45 1678 234 1765 Pasitigrim
255 1679 373 1745 venisse
393 1681 518 1744 dicitur.
571 1681 644 1746 Vid.
661 1684 786 1744 Arrian.
802 1694 835 1760 3,
864 1695 918 1756 1¹7.
952 1683 1089 1750 Dlodor.

52 1796 110 1856 17,
132 1783 194 1859 67.
226 1801 239 1841 a
247 1799 282 1862 9,
307 1797 361 1858 17.
414 1781 483 1866 ipsa
498 1781 574 1847 Susa
593 1783 694 1844 adluit
713 1771 885 1874 Choaspes,
906 1785 956 1846 uti
973 1785 1104 1849 volunt-

46 1883 237 1946 Herodotna
254 1901 284 1956 t.
305 1895 384 1964 188.
413 1897 447 1962 5.
471 1895 531 1965 49.
554 1897 587 1948 et
604 1885 718 1948 Strabo
739 1895 794 1962 15.
810 1903 843 1965 p.
860 1895 944 1960 501.
961 1882 983 1948 s.
1002 1899 1088 1966 708.

46 1985 103 2047 vel
114 1983 276 2056 Eusenos.
299 1987 350 2046 uti
367 1985 473 2047 scribit
488 1985 674 2049 Marcianut
693 2007 725 2069 p.
749 1983 964 2064 18.(Huds.)
989 1985 1030 2049 lic
1051 2001 1090 2052 nt

45 2087 103 2148 vel
126 2085 216 2148 idern
240 2085 361 2150 fluviua
377 2085 437 2150 elle
455 2089 619 2159 videatur,
645 2088 848 2168 velaretque
864 2085 904 2148 ad
920 2085 999 2149 Susa
1013 2107 1088 2154 con·

46 2207 189 2250 currere.
252 2187 347 2252 Certe
378 2189 520 2272 duplicea
548 2187 654 2253 sontaa
687 2189 799 2252 Eulaei
832 2189 866 2249 in
898 2187 1029 2252 Susiana
1055 2207 1089 2256 at

45 2287 163 2352 Media
188 2303 420 2354 commemorat
447 2289 653 2355 Ptolemaeua
676 2293 709 2362 6,
736 2305 770 2370 8.
805 2309 944 2372 quotum
967 2293 1030 2354 rivi
1052 2289 1089 2356 in

46 2391 184 2453 Susiana
199 2398 323 2454 cedant.
376 2390 461 2455 Cum
476 2411 553 2458 vero
569 2406 681 2455 neuter
695 2391 856 2476 Pasitigria
873 2389 1009 2454 Nearchi
1027 2393 1088 2458 esse

47 2485 163 2574 nollit,
189 2511 250 2554 trec
270 2493 352 2555 ultra
373 2494 531 2556 Eulaeum
554 2492 716 2558 Persidem
740 2492 847 2556 versut
863 2491 944 2556 aliua
964 2509 1089 2576 praeter

49 2591 243 2657 Oroatidam
266 2594 307 2656 ab
328 2595 528 2668 auctoribua‚
553 2596 656 2659 veluti
677 2595 884 2666 Ptolemaeo,
911 2593 1087 2670 Marciano,

49 2709 340 2766 commemoratur,
372 2697 407 2756 in
435 2697 491 2760 illo
518 2695 700 2782 Pasitigrim
724 2695 863 2759 Nearchi
885 2696 1089 2778 quaesierunt

48 2795 221 2858 Salmallue
243 2809 277 2860 et
291 2795 463 2869 cellariae,
491 2811 585 2881 atqua
603 2797 764 2863 Perficurn
781 2811 911 2862 vocant.
960 2799 1003 2862 At
1024 2816 1088 2864 tur·

48 2894 122 2960 bare
144 2897 260 2962 Strabo
284 2900 428 2970 videtur,
452 2901 509 2982 qui
531 2911 585 2978 15.
606 2919 639 2983 p.
654 2914 739 2978 5⁰¹·
757 2897 779 2964 s.
798 2912 883 2979 729.
904 2897 1087 2986 Pasitigrim

48 3015 116 3058 non
132 2995 234 3062 solum
253 2999 293 3060 ah
310 3000 465 3064 Oroatide
480 3000 661 3086 distinguit,
687 2999 738 3064 sed
754 3014 787 3062 et
801 2999 928 3062 duohua
944 2998 1011 3063 sere
1026 3005 1087 3065 rui·

49 3097 135 3160 libne
153 3099 327 3164 stadiorum
345 3099 476 3185 separat.
518 3101 708 3166 Oroatidem
726 3114 833 3164 autem
849 3113 942 3163 antea
955 3123 988 3185 p.
999 3113 1085 3182 500.

49 3197 172 3277 [707.
194 3203 368 3265 terminum
385 3203 533 3266 Susanna
550 3216 583 3266 et
599 3202 735 3269 Perfidia
750 3203 866 3273 statuit,
890 3221 931 3264 ex
947 3201 1087 3269 Nearchi

48 3303 181 3383 quidem
198 3300 369 3376 sententia,
394 3305 470 3368 telle
488 3305 679 3378 Onesicrito.
705 3306 791 3388 quod
812 3304 952 3370 videtur.
996 3309 1086 3372 Tum

47 3416 195 3486 pontem,
218 3401 380 3491 (σχεδία)
412 3408 502 3472 cuine
525 3405 617 3491 supra
647 3409 799 3476 memini.
833 3407 993 3489 adquam
1016 3408 1087 3473 suh·

47 3505 136 3568 vecti
158 3503 303 3592 Pasitigri
332 3509 483 3581 veniant,
516 3506 616 3571 abella
639 3527 657 3570 a
678 3509 761 3573 Susis
786 3507 832 3570 60
855 3507 961 3572 lladiia
983 3510 1084 3577 addit.

47 3606 140 3668 Idem
161 3608 196 3668 in
213 3605 414 3690 sequentihua
441 3609 509 3694 poll
529 3608 696 3694 Choaspen
718 3612 811 3694 ponit
834 3609 1036 3692 Copratama
1051 3627 1086 3676 et
1176 3693 1179 3702 Ι

48 3705 126 3770 hinc
148 3706 342 3793 Pasitigrim.
377 3711 429 3772 Sic
447 3711 610 3776 Diodorua
629 3728 683 3791 19,
702 3725 758 3786 ι7.
775 3711 900 3794 Tigrim
916 3710 938 3772 i.
955 3729 983 3774 e.
998 3711 1086 3778 Pafi·

47 3808 157 3893 tigrim
184 3811 279 3872 unica
302 3813 368 3872 diei
389 3811 504 3876 itinere
526 3831 543 3874 a
564 3812 647 3876 Sulla
669 3811 779 3875 dillare
802 3811 965 3882 adfirmat,
997 3827 1031 3876 at
1047 3817 1084 3879 in

47 3929 137 3972 mare
156 3909 291 3973 rubrum
313 3915 335 3977 i.
355 3933 385 3976 e.
407 3911 568 3978 Persicum
584 3913 687 3974 linum
707 3930 880 3982 excurrere,
907 3911 1085 3995 Cupratam

48 4024 124 4074 ante
138 4009 319 4098 Pasitigrim
334 4013 451 4086 llatuit,
472 4030 505 4078 et
520 4015 554 4075 in
573 4013 661 4075 hunc
676 4031 839 4077 excurrere
852 4013 931 4076 dicit
951 4033 1005 4096 r9.
1027 4029 1082 4094 ι8.

45 4113 208 4179 Eulaeum
239 4113 347 4182 versuo
378 4115 524 4182 Mediam
555 4113 691 4180 cllendit
720 4133 776 4200 19.
802 4131 859 4196 19.
892 4117 979 4182 trude
1013 4121 1082 4188 eiua
1123 4201 1126 4206 ἱ
