2746 4894
137 457 193 516 tu
219 456 358 516 tour.
390 454 498 513 urat.
540 455 650 513 um.
693 455 826 520 orm.
868 462 946 532 95.
1002 475 1065 540 tto

37 635 140 720 etped.
158 632 248 696 Alex.
263 629 310 692 Μ.
328 645 362 706 7,
381 645 415 706 7.
452 631 495 692 Et
513 631 553 694 sic
570 627 671 693 hodie
689 633 810 696 multoe
826 632 983 718 reperiri,
1006 637 1065 724 qui

35 759 81 823 per
96 729 372 818 Mesopotamiam
390 732 428 794 ab
449 733 617 816 Euphrate
641 754 758 818 aquam
777 731 813 796 in
829 734 976 822 Tigrim,
1011 745 1064 805 vel

36 855 138 902 contra
152 833 314 905 inferant,
341 831 471 896 testatur
486 833 637 896 Niebuhr
651 833 869 900 Reisebeschr.
888 841 974 902 nach
988 843 1062 905 Ara·

34 941 101 1003 bien
126 940 199 998 Vol.
226 955 256 1000 o.
277 957 309 1020 p.
330 949 411 1014 223.
463 936 563 1020 Quod
585 956 663 998 vero
687 935 842 1002 Arrianus
866 938 975 1014 addit,
1003 958 1066 1016 ter-

34 1063 93 1106 ram
122 1037 233 1124 ipsum
258 1058 327 1098 non
353 1033 505 1119 irrigare,
545 1035 646 1099 hodie
672 1039 762 1102 secus
788 1040 907 1103 habere
930 1065 1065 1112 narrant

34 1159 176 1206 auctores
199 1135 409 1201 recentiores.
461 1135 518 1201 Sic
540 1135 613 1201 talis
627 1138 669 1199 est
684 1137 806 1202 canalis
823 1159 944 1226 aparte
960 1147 1064 1211 Meso·

32 1241 208 1330 potamiae,
242 1237 299 1325 qui
322 1259 425 1323 prope
441 1239 576 1323 Bagdad
603 1255 731 1304 remeat.
791 1240 862 1306 Vid.
885 1246 1068 1313 Tavemier

33 1365 151 1430 voyage
174 1343 247 1428 (ed.
268 1340 394 1426 1724.)
418 1343 458 1410 T.
483 1365 510 1404 ι.
528 1363 559 1426 p.
578 1351 660 1422 284.
701 1343 803 1406 Porro
824 1342 909 1406 infra
925 1349 1064 1414 eandem

33 1451 144 1510 orbem
168 1443 205 1506 in
223 1444 290 1506 duo
309 1440 440 1505 brachia
459 1441 615 1515 finditur,
646 1465 729 1528 quae
753 1441 892 1508 insulam
908 1451 1065 1532 grandem

33 1547 215 1612 includunt.
237 1543 347 1630 (idem
365 1567 396 1627 p.
417 1543 522 1626 296.)
560 1547 647 1608 Cum
668 1547 836 1630 Euphrate
859 1563 968 1610 autem
991 1574 1067 1616 vere

32 1649 184 1712 miscetur
206 1667 309 1732 prope
329 1667 450 1729 pagum
470 1648 587 1718 Gamo,
610 1643 675 1731 (id.
690 1669 722 1730 p.
744 1653 844 1728 297.)
870 1653 923 1711 vel
949 1653 1065 1738 Coruy,

34 1769 63 1816 tt
75 1749 124 1813 ibi
140 1751 181 1812 ab
196 1747 356 1810 Arabibue
372 1763 509 1809 vocatur
520 1749 734 1818 shut-Frate.
757 1748 805 1810 uti
822 1756 951 1835 nuper(
959 1777 968 1814 t
979 1761 1066 1834 790)

31 1850 143 1915 retulit
165 1851 299 1914 Howel.
345 1847 396 1912 Cf.
420 1845 518 1910 etiam
541 1847 709 1933 Bitsching
731 1851 800 1913 vot.
823 1849 854 1914 ι.
873 1875 903 1936 p.
922 1875 965 1915 m.
987 1867 1065 1935 ¹98·

34 1969 112 2032 233.
158 1949 275 2037 Qualia
293 1953 328 2012 srt
344 1948 444 2012 hodie
458 1971 562 2034 prope
581 1953 727 2034 Bagdad,
750 1951 904 2016 describit
916 1951 1069 2020 Niebuhr

30 2053 248 2120 heisebeschr.
264 2053 349 2116 nach
363 2049 503 2115 Arabien
520 2054 588 2115 Vol.
609 2071 639 2114 a.
657 2075 730 2137 pag.
750 2065 832 2134 298.
883 2054 1068 2122 Maximum

31 2159 87 2220 effe
110 2177 189 2220 cum
206 2155 374 2238 Euphrate
395 2150 430 2213 in
445 2155 513 2214 Asta
537 2153 663 2216 australi
684 2153 843 2228 fluvium,
875 2179 935 2222 nec
951 2157 1009 2220 nist
1026 2161 1066 2223 ab

30 2255 154 2322 Indicia
178 2253 337 2340 superari,
364 2253 474 2317 scribit
489 2257 604 2318 Strabo
627 2255 678 2320 16.
697 2277 769 2340 pag.
785 2271 868 2336 509.
886 2260 907 2320 s.
928 2275 1010 2340 739.
1035 2275 1068 2324 et

30 2351 271 2448 ἐπισημότατον
303 2357 371 2420 τῶν
402 2355 563 2445 ποταμῶν
597 2377 673 2418 eum
709 2375 741 2419 et
766 2359 955 2440 Euphraten
984 2360 1067 2424 dicit

28 2461 169 2524 Diodor.
186 2457 253 2522 Sic.
275 2477 307 2534 o,
329 2479 382 2520 tr.
433 2455 637 2542 Navigabilie
660 2475 727 2521 erat
747 2461 787 2521 ad
804 2457 892 2543 Opin
909 2478 940 2522 et
956 2461 1068 2524 Seleu·

29 2562 122 2630 ciam.
152 2561 292 2646 (Strabo
315 2575 348 2621 et
369 2557 494 2622 Arrian.
511 2580 558 2625 cc.
576 2561 631 2632 ΙΙ.)
664 2561 797 2632 Persae,
824 2559 881 2646 qui
903 2559 1068 2638 timerent,

29 2687 70 2728 ne
85 2663 197 2726 classes
214 2659 356 2723 hostium
372 2661 434 2722 hac
452 2657 506 2722 via
523 2658 557 2721 in
570 2659 714 2745 ipsorum
731 2677 830 2724 terras
848 2681 1070 2746 penetrarent,

29 2761 252 2836 catarrhactis,
269 2777 337 2824 arte
351 2759 456 2834 factis,
472 2761 709 2834 obstruxerunt,
726 2761 870 2846 (Arrian.
891 2765 931 2826 de
952 2769 1068 2850 exped.

28 2871 118 2933 Alex.
138 2883 173 2940 7,
193 2864 249 2948 7.)
283 2885 362 2950 quas
385 2861 520 2948 quidem
540 2861 664 2925 delevit
685 2867 875 2926 Alexander.
903 2866 1014 2944 (Idem
1038 2883 1071 2930 et

29 2971 147 3032 Strabo
166 2987 215 3030 cc.
236 2967 290 3044 ΙΙ.)
339 2966 496 3029 Ceterum
522 2981 650 3048 praeter
676 2965 765 3026 hunc
791 2963 920 3049 Tigrim
943 2965 979 3027 in
1006 2969 1070 3030 hoc

28 3085 138 3133 tractu
163 3069 246 3130 duos
278 3065 358 3128 alios
385 3065 601 3150 cognomines
633 3063 753 3126 fluvios
776 3085 816 3126 en
843 3065 970 3128 diverso
995 3070 1070 3131 loco

28 3171 206 3234 effluentes
221 3183 382 3232 memorat
398 3168 555 3230 Herodot.
571 3181 605 3246 5,
624 3179 681 3244 52.
703 3181 736 3227 et
756 3187 796 3228 ex
808 3185 856 3232 -eo
871 3163 1013 3231 Eustath.
1031 3171 1072 3232 ad

27 3270 167 3352 Dionys.
184 3293 216 3335 r.
234 3273 317 3352 976.
369 3269 461 3330 Idem
482 3289 561 3330 vero
580 3264 784 3344 Eussathius,
815 3289 890 3330 cum
910 3271 1070 3331 exXeno·

25 3377 160 3460 phonte
180 3371 222 3434 de
244 3393 316 3455 exp.
335 3367 413 3451 Cyri
431 3383 464 3447 5,
485 3373 519 3440 6,
540 3385 572 3448 3.
596 3368 631 3432 in
651 3367 873 3452 Paphlagonia
902 3367 1072 3455 cognomi·

27 3497 110 3538 nem
128 3471 273 3546 indicat,
300 3472 376 3534 salsa
395 3467 541 3534 lectione
558 3473 715 3555 deceptus
740 3469 800 3544 est,
827 3493 904 3536 cum
921 3469 968 3534 ibi
985 3475 1072 3557 lega·

27 3593 85 3640 tur
104 3577 185 3642 Iris.

108 3791 156 3841 ut
182 3791 308 3842 natus
331 3775 400 3871 est,
434 3775 524 3858 ita)
579 3772 685 3860 igitur
708 3775 804 3838 cursu
830 3773 965 3860 rapido,
997 3795 1074 3839 cum

27 3877 90 3944 alii
118 3877 258 3966 quidam
282 3895 433 3940 auctores
463 3874 640 3940 tardiorem
664 3899 740 3940 eum
761 3877 863 3939 fluere
891 3875 1075 3950 adfirment,

26 3983 73 4046 de
91 4001 161 4068 quo
178 3981 282 4064 supra.
314 3978 648 4061 NempeNosieroum
659 3980 817 4042 Strabone
831 3995 864 4040 et
878 3975 950 4040 aliis
966 3993 1076 4040 ortum

25 4081 147 4168 Tigrin
164 4080 271 4166 ponit,
298 4099 366 4142 non
383 4077 440 4142 ubi
453 4078 598 4163 primum
613 4077 767 4152 nascitur,
795 4080 846 4141 sed
864 4077 921 4141 ubi
935 4081 1001 4142 hoo
1017 4101 1075 4141 no·

25 4205 111 4250 men
138 4183 277 4251 demum
301 4178 408 4246 sumit.
456 4179 528 4246 Vid.
555 4181 687 4245 Salmas.
713 4181 754 4243 ad
775 4179 879 4246 Sosin.
897 4195 955 4261 37.
975 4181 999 4274 s.
1013 4191 1074 4262 4ο.

670 4285 698 4344 X
727 4300 745 4344 o
