2696 4896
266 439 326 508 ιιι
533 416 694 507 nono
734 427 1038 492 excoctione

342 601 570 685 portubus)
604 536 725 689 ἀνι.
748 603 819 688 lug.
835 621 902 684 etp.
923 617 977 678 17,
993 613 1025 680 5.
1050 590 1321 693 Moresaevrrm‚

268 709 425 786 importuo
443 725 504 774 ναι,
531 703 587 764 ubi
602 698 699 770 Corte
716 703 849 788 exponit
863 694 1101 793 importuosum,
1128 703 1216 784 quod
1237 719 1323 783 pro·

269 809 356 870 cellit
381 805 424 868 est
450 805 643 888 expositum,
674 819 707 868 et
738 807 772 866 in
797 806 889 867 litore
920 806 1024 867 nullon
1056 817 1170 885 portu·
1196 803 1322 864 habet.

268 905 428 974 Posterius
450 909 578 990 proprie
604 908 668 968 huc
692 909 846 989 pertinet.
880 907 928 966 uti
949 905 1106 987 sequentia
1129 907 1162 965 in
1188 903 1319 966 Nostro

271 1011 405 1078 docent,
439 1020 471 1070 et
501 1009 603 1089 priora
638 1009 767 1070 aliunde
797 1005 1000 1070 arcessuntor.
1051 1005 1166 1070 Portoe
1196 1019 1319 1066 tomen

272 1109 369 1172 hodie
389 1111 545 1179 inveniri,
572 1111 740 1172 adfirmant
758 1111 959 1172 recentiores.

346 1309 487 1372 besni
498 1311 542 1390 s)
592 1311 721 1374 Curtius
737 1313 770 1383 6,
792 1320 827 1390 4,
857 1319 910 1385 ¹8·
936 1309 1148 1372 Diodor.Sic.
1169 1323 1228 1382 17,
1250 1317 1317 1386 75.

273 1411 413 1498 ingentio
429 1413 659 1495 magnitudinis
678 1411 834 1494 serpentes
847 1423 1112 1473 commemorent.
1146 1409 1199 1478 At.
1218 1409 1319 1490 quod

273 1509 337 1574 iem
358 1515 486 1583 monui.
512 1513 640 1576 Curtioe
662 1515 694 1573 in
710 1514 774 1574 hoc
790 1514 866 1574 meri
883 1513 1010 1596 egregie
1026 1513 1141 1573 errarit
1159 1525 1192 1572 et
1211 1511 1319 1571 bailu-

275 1615 396 1675 cinatue
414 1613 466 1676 esi.
520 1616 588 1696 Qui
605 1615 644 1675 de
664 1615 718 1677 illo
735 1613 831 1676 hodie
847 1615 1041 1683 retulerunt,
1070 1631 1169 1672 onum
1189 1599 1318 1693 piscem

273 1733 402 1800 gravem
432 1713 491 1776 esse
515 1729 547 1777 et
574 1716 800 1785 metuendum,
844 1713 953 1774 Narseo
976 1714 998 1775 i.
1022 1733 1051 1777 e.
1072 1711 1317 1782 absorbentem.

275 1819 356 1878 tdeo
379 1815 499 1877 vassum
520 1831 553 1878 et
574 1817 734 1888 validum,
762 1832 816 1888 ιιι,
847 1835 920 1878 cum
942 1829 1034 1895 caput
1056 1817 1089 1876 in
1111 1833 1228 1895 equom
1253 1815 1319 1874 im·

274 1917 396 1986 mersit.
431 1932 547 1980 arrecta
573 1917 688 1989 cauta,
723 1918 905 2001 navigium.
937 1935 1003 1978 non
1030 1918 1138 1976 navim
1165 1915 1317 1995 quidem.

274 2030 417 2080 evertere
433 2012 537 2097 posstt.
574 2018 786 2080 Caneeetiom
802 2017 916 2078 morini
935 2014 1179 2098 conspiciuntur.
1215 2014 1318 2078 Cete-

273 2137 347 2178 rum
365 2117 418 2179 etsi
435 2115 590 2198 piscosum
606 2139 691 2182 mare
711 2139 779 2182 non
797 2121 846 2190 fit,
874 2117 942 2201 cepi
964 2131 1068 2180 temen
1091 2117 1262 2179 adfirment
1280 2119 1318 2178 in

276 2218 385 2299 primis
404 2217 566 2290 siorionee.
591 2221 709 2299 (Stiire)
734 2220 870 2282 husones
891 2217 1055 2298 (Haosen).
1095 2217 1146 2281 Cs.
1164 2217 1316 2280 Bothek.

277 2335 303 2380 c.
323 2319 342 2387 1,
365 2333 396 2379 et
411 2319 621 2382 Sauveboetis.
640 2319 772 2400 (lieisen
787 2323 826 2382 T.
850 2342 878 2382 1.
898 2341 929 2402 p.
948 2321 1050 2397 233.)
1080 2318 1182 2381 Piscee
1199 2333 1315 2380 tamen

276 2421 383 2482 omnio
400 2422 524 2506 generis
538 2423 572 2484 in
588 2441 626 2485 eo
643 2425 732 2509 gigni
747 2423 884 2484 narravit
901 2421 1035 2484 Diodor.
1053 2420 1114 2483 Sic.
1138 2435 1190 2496 17,
1211 2431 1277 2496 75.

440 2626 469 2700 §.
496 2631 531 2702 4.
584 2623 783 2704 Scythae)
833 2623 921 2686 Ultro
953 2621 1053 2684 finum
1080 2621 1210 2700 scythae
1241 2619 1315 2683 No·

274 2715 387 2783 medat
401 2723 541 2786 habitere
560 2736 638 2786 tnnc
656 2725 851 2808 incognitoo‚
879 2721 974 2785 resert
990 2725 1084 2786 etiam
1103 2723 1253 2783 Arrianus
1270 2723 1317 2784 de

276 2824 388 2904 exped.
411 2825 499 2885 Alex.
516 2839 548 2899 7.
570 2827 623 2887 16.
677 2826 778 2906 Magio
800 2825 938 2907 exposite
960 2825 1072 2887 Strabo
1094 2843 1148 2883 ιι.
1171 2843 1201 2904 p.
1219 2831 1316 2902 549.

276 2919 298 2985 s.
319 2935 402 2998 507.
424 2921 614 2988 Εἰσπλὲοντι
636 2919 665 2986 ἐν
686 2914 779 3012 δεξιᾷ
797 2921 854 3014 μὲν
874 2925 940 2998 τοῖς
954 2915 1153 3014 Εὐρωπαίοις
1169 2923 1198 2984 oi
1220 2940 1316 2986 συνε·

274 3020 348 3107 χεῖς
366 3016 501 3088 Σκύθαι
521 3023 670 3112 νέμονται
692 3018 746 3088 καὶ
765 3019 937 3114 Σαρμάται
963 3025 991 3090 oi
1011 3013 1140 3114 prensis
1162 3021 1222 3088 τοῦ
1242 3025 1319 3086 Ta·

274 3116 380 3198 νάΐδας
403 3118 457 3188 καὶ
481 3125 537 3209 τῆς
559 3121 729 3214 θαλάσσης
761 3121 902 3213 ταύτης,
936 3121 1072 3216 νομάδες
1100 3125 1129 3189 oi
1159 3119 1316 3200 πλειους·

274 3219 304 3286 ἓν
320 3220 475 3312 α’ριστερᾷ
490 3223 516 3288 δ’
530 3227 560 3287 oi
574 3223 651 3314 πρὸς
665 3221 704 3290 ’ἕω
718 3223 852 3293 Σκύθαι
865 3223 1008 3316 νομάδες,
1031 3217 1085 3292 καὶ
1104 3219 1191 3290 οὕτω
1206 3223 1316 3312 μέχρι

274 3325 333 3407 τῆς
357 3322 434 3412 πρὸς
458 3320 498 3389 sto
524 3323 694 3414 θαλάττης
721 3321 775 3392 και
803 3330 861 3413 τῆς
890 3325 1020 3404 Ἰνδικῆς
1049 3323 1315 3412 παρατείναντες.

275 3425 363 3486 Τιιιιι
375 3439 496 3496 monet,
508 3427 774 3509 septemtrionales
789 3427 924 3511 popttlot
940 3448 1051 3492 ornnes
1067 3451 1082 3490 a
1098 3427 1203 3508 priscis
1213 3427 1314 3489 Grae·

276 3527 320 3586 cie
338 3543 468 3588 vocatos
484 3528 543 3588 esse
558 3531 690 3609 Scythae
707 3549 738 3592 et
754 3529 1018 3608 celto-Scythae.
1054 3531 1178 3591 Pliniue
1195 3529 1228 3598 6.
1250 3539 1312 3605 ι5.

275 3623 295 3687 s.
317 3639 371 3706 ¹5·
393 3627 432 3688 ab
452 3629 585 3690 ir'ttroitu
602 3631 710 3692 dextra
731 3633 823 3712 ponit
840 3631 979 3701 Udinoo‚
1003 3631 1191 3710 Scytharum
1206 3648 1313 3712 popo·

273 3725 353 3788 som.
388 3729 525 3810 Adparet
542 3745 647 3792 autent
665 3752 704 3794 ex
721 3729 939 3812 sequentibue‚
966 3731 1058 3798 sitnm
1077 3731 1190 3793 horum
1207 3749 1312 3812 popu·

273 3825 378 3888 lorum
394 3847 459 3890 non
482 3831 519 3890 ad
540 3833 722 3908 Scythicum
744 3834 837 3893 morio
854 3831 975 3903 finum,
1007 3833 1060 3892 vei
1083 3847 1204 3913 portem
1227 3828 1309 3892 rese·

274 3928 412 3988 rendum
427 3930 502 4001 eise,
527 3948 607 4012 qtrae
626 3933 669 3994 esi
688 3933 725 3994 ati
747 3931 915 4005 sinisiram,
941 3931 992 3994 sed
1007 3933 1046 3993 ad
1063 3933 1186 3992 aditum
1199 3933 1309 4001 moris,

273 4028 326 4088 vel
349 4029 474 4092 ostium.
527 4035 680 4093 Ceterum
696 4036 735 4095 rie
749 4034 896 4118 populis,
923 4036 978 4113 qui
998 4031 1102 4114 ipsum
1119 4051 1205 4093 mere
1221 4051 1310 4093 ecco-

275 4127 377 4228 lunt„
397 4127 609 4212 exposuerunt
633 4133 747 4197 Strabo
774 4151 802 4198 o.
822 4134 844 4197 l.
866 4146 899 4197 et
922 4133 985 4216 sqq.
1026 4134 1112 4197 Plio.
1137 4134 1171 4204 6,
1199 4145 1243 4210 15
1264 4130 1308 4214 sq.
