2696 4896
295 397 356 448 2²⁰
563 377 725 439 riom
763 376 1063 436 uxzoss'rtcltz

300 554 493 639 (Xenophon
509 554 543 616 in
561 553 680 636 Cyrop.
698 555 732 625 6,
752 575 780 624 ι,
798 555 871 638 5ο.)
895 573 993 638 quem
1012 571 1127 618 eorum
1147 551 1215 618 iere
1230 555 1334 618 inven-

299 673 405 722 torem
420 655 558 724 iaciunt.
584 657 709 736 Darius,
730 656 881 733 (Curtius
895 666 931 736 4,
953 673 1008 727 ι9,
1026 657 1060 720 6.
1077 669 1110 718 et
1124 657 1217 728 alibi,
1242 657 1333 722 unu.

261 771 263 776 ’
300 781 363 824 nur
382 760 422 822 rie
445 758 556 839 exped.
577 757 663 819 ulex.
683 771 716 834 5,
736 771 792 836 95.
819 759 953 820 Diodor.
975 773 1030 833 17.
1048 769 1107 838 53.
1126 761 1203 835 -)
1233 759 1333 823 Antio·

302 862 390 931 chue.
414 860 596 942 (Appianue
612 859 645 918 in
661 859 730 937 Syr.
747 877 813 940 cup.
826 873 884 937 59.
899 872 978 922 extr.
1000 859 1112 936 Polyb.
1131 871 1168 936 5,
1186 871 1245 939 55.
1261 873 1338 926 extr..

304 963 377 1024 Liv.
397 975 456 1040 37.
470 963 553 1040 4ι.)
579 959 789 1030 Mithridaten,
810 958 965 1043 (Appian.
990 961 1024 1020 in
1046 960 1197 1021 Mithrid.
1221 979 1248 1022 c.
1265 959 1332 1042 18.)

303 1064 491 1132 Pharnaces,
507 1063 575 1122 uiuo
590 1061 680 1129 filine.
696 1061 774 1138 (Dio
787 1071 847 1139 49,
862 1065 937 1141 47.)
961 1061 1159 1131 Artaxerxes,
1178 1059 1332 1126 Persarum

305 1184 377 1234 rex,
405 1175 513 1224 contre
534 1161 747 1225 Alexandrum
768 1162 923 1225 Severum
945 1165 1156 1242 1300.epnd
1181 1163 1333 1244 Lamprid.

305 1268 341 1328 in
356 1265 422 1328 vita
437 1283 503 1346 cap·
521 1274 579 1341 55·
603 1296 652 1312 -
705 1261 884 1346 Diligenter
906 1265 981 1326 talee
1002 1265 1173 1347 quadrigas
1190 1263 1334 1346 delcriplit

306 1368 379 1429 Lir.
404 1379 461 1443 57,
482 1373 543 1442 41.
575 1364 629 1445 qui
651 1377 772 1446 praeter
791 1365 864 1426 allae
888 1378 988 1447 partes
1013 1366 1052 1426 de
1074 1366 1190 1426 axibus
1215 1363 1268 1426 irc:
1297 1361 1332 1424 ui

306 1463 419 1530 autibus
434 1479 575 1527 rotarum
595 1467 750 1548 utrimque
767 1462 859 1526 binae
873 1466 977 1527 eodem
993 1465 1085 1526 modo
1101 1457 1250 1557 diversae
1267 1463 1332 1526 deli·

307 1566 469 1651 gaborrtur
488 1557 616 1656 sulcen
650 1579 723 1628 ante
749 1567 881 1628 Livium
906 1566 1088 1648 Xenophon
1108 1588 1139 1630 c.
1161 1568 1184 1630 l.
1241 1567 1281 1626 Et
1299 1565 1331 1628 lio

310 1669 430 1739 Graeci,
462 1667 563 1730 veluti
586 1667 737 1750 Xenoph.
759 1667 798 1728 de
820 1667 934 1748 exped.
956 1689 983 1737 r.
1009 1677 1042 1742 8.
1069 1683 1102 1744 7.
1131 1663 1181 1730 roi
1204 1661 1329 1754 δρέπανα

215 1772 219 1782 ’
309 1767 346 1836 ἐκ
366 1767 431 1834 τῶν
453 1757 579 1835 ἀξόνων
604 1767 645 1844 εἰς
666 1761 805 1851 πλάγιον
824 1763 1064 1856 ἀποτεταμένα.
1103 1769 1180 1830 Vid.
1202 1769 1329 1829 Zeuniue

310 1872 348 1934 erl
364 1871 508 1954 Xenoph.
526 1869 705 1952 cyropaen.
722 1889 748 1932 c.
763 1870 785 1932 l.
811 1869 992 1954 Weffeling.
1011 1871 1048 1930 ed
1062 1871 1201 1931 Diodor.
1217 1883 1267 1944 17,
1279 1879 1328 1944 55.

309 1973 453 2036 Ruderur
482 1986 515 2033 et
543 1970 737 2032 Freinshem.
767 1969 806 2031 ad
835 1969 928 2034 Curt.
946 1983 980 2048 5.
1002 1989 1037 2050 9,
1061 1979 1097 2049 4.
1121 1984 1159 2032 et
1176 1971 1211 2030 in
1232 1967 1329 2050 primit

311 2071 451 2135 Scheffer
472 2071 512 2133 rle
529 2090 563 2131 re
580 2071 753 2133 vehiculeri
773 2087 807 2141 9,
834 2083 889 2149 15.
940 2072 1065 2142 Plures,
1091 2074 1149 2153 qui
1167 2071 1206 2132 de
1227 2086 1327 2131 eorum

308 2175 432 2234 ratione
455 2185 489 2235 et
517 2169 573 2232 usu
606 2173 770 2244 dixerunt,
803 2173 1106 2235 indicetlfabriciue
1136 2175 1171 2234 in
1197 2170 1327 2252 bibliogr.

309 2275 431 2354 antiqu.
456 2291 523 2356 cap.
544 2287 598 2347 17.
620 2275 649 2351 §.
667 2285 701 2350 3.
724 2293 756 2355 p.
772 2295 816 2336 m.
834 2283 918 2350 895.
970 2274 1102 2334 illorum
1131 2271 1266 2335 formam
1284 2287 1325 2330 ex·

310 2373 486 2460 prellerunt
498 2372 639 2435 Soheffer
653 2393 680 2438 c.
694 2373 715 2436 l.
731 2387 764 2436 et
777 2375 975 2438 Stewechiur
990 2375 1027 2434 ad
1044 2376 1155 2458 reget.
1172 2374 1212 2434 ‹le
1228 2371 1326 2432 militie

312 2489 345 2556 5,
364 2484 423 2556 94.
459 2473 590 2536 Aberrat
608 2473 736 2536 Curtiue
755 2487 786 2553 5,
803 2494 836 2556 9,
853 2487 888 2558 4.
910 2473 948 2536 ab
969 2477 1102 2536 aliorum
1120 2474 1324 2554 descriptione,

311 2577 389 2638 dum
411 2571 503 2636 falce·
526 2572 656 2637 lummie
678 2589 818 2640 rotarum
845 2575 974 2639 orbibus
1003 2575 1126 2638 haelille
1155 2575 1271 2642 scribit,
1298 2581 1325 2631 et

310 2677 398 2738 varie
413 2687 552 2738 tentetur
566 2675 618 2739 est.
658 2674 709 2740 Ci.
724 2677 763 2738 erl
779 2698 806 2740 c.
825 2679 845 2740 l.
871 2691 903 2740 et
924 2680 957 2738 in
982 2678 1091 2759 primis
1106 2676 1274 2758 Welieling
1292 2669 1324 2731 ul

306 2778 444 2854 ,Diodon
463 2796 489 2839 c.
508 2777 530 2842 l.
580 2779 666 2840 Hinc
688 2797 765 2840 vero
779 2769 973 2868 falciferum
994 2779 1163 2839 covinuum
1183 2777 1262 2837 dixit
1278 2771 1323 2834 sit.

312 2879 380 2942 uu.
405 2892 457 2953 17,
473 2887 558 2956 4¹8·
581 2881 630 2940 uti
645 2881 779 2943 omnino
789 2869 964 2969 falciferos
982 2899 1099 2950 currrrs,
1120 2879 1177 2961 qui
1192 2878 1256 2939 aliis
1272 2873 1324 2956 ple·

311 2998 447 3061 rumque
470 2976 540 3038 lunt
554 2969 700 3067 falcati,
732 2980 857 3044 Lucret.
880 2993 912 3059 5,
937 2982 1021 3060 649.
1046 3008 1096 3024 -
1139 2981 1191 3040 De
1212 2989 1323 3038 auctore

310 3099 422 3143 eorum
437 3097 587 3140 curruum
603 3080 789 3164 disputetur,
812 3099 871 3142 nec
888 3079 1090 3142 consentiunt
1104 3096 1254 3143 auctores.
1283 3070 1323 3136 All

311 3179 433 3261 Cyrum
447 3179 545 3263 vulgo
559 3177 706 3242 deferunt
727 3200 800 3242 oum
821 3181 970 3263 Xenoph.
987 3183 1020 3241 in
1044 3181 1163 3264 Cyrop.
1180 3183 1213 3251 6,
1230 3198 1258 3248 1.
1273 3191 1320 3252 99·

310 3281 374 3345 Sed
388 3281 468 3343 Nini
489 3279 670 3362 exemplum
692 3280 780 3363 lupru
801 3281 918 3352 adtuli,
947 3296 981 3343 et
996 3280 1123 3366 vestigia
1143 3299 1251 3344 eorum
1267 3275 1321 3357 qui·

312 3381 387 3442 dem
408 3383 571 3462 reperiunt
596 3383 631 3442 in
656 3383 754 3444 lilerio
777 3381 869 3444 lucris
893 3383 993 3446 ludio.
1016 3403 1045 3453 r,
1074 3401 1128 3461 19,
1152 3392 1188 3460 4,
1214 3395 1243 3459 5.
1275 3372 1319 3435 ubi

311 3463 411 3554 ΒΗ)
433 3481 532 3554 ΞἎἹ,
555 3483 707 3564 interpres
720 3497 806 3545 certe
821 3484 966 3567 vulgatur
980 3483 1075 3546 habet
1088 3471 1318 3572 currusfalcatt'·

310 3583 353 3646 At
367 3583 434 3646 vid.
450 3601 529 3666 quae
546 3583 684 3664 ditputat
699 3583 840 3646 Scheffer
855 3603 882 3646 c.
898 3585 919 3648 l.
951 3585 1073 3645 Mirum
1086 3600 1170 3647 recte
1185 3581 1315 3645 videntur,

310 3702 367 3744 our
382 3685 482 3746 luliur
497 3682 607 3745 Caeler
621 3681 702 3744 nihil
719 3684 759 3746 de
774 3686 812 3745 ilo
828 3684 972 3746 curribus
985 3685 1208 3746 Britannorum
1221 3674 1316 3742 lrlcetit

311 3797 564 3855 commemoret,
589 3803 663 3844 cum
686 3797 791 3846 temen
811 3785 955 3848 Frontln.
971 3785 1093 3870 [integ.
1111 3802 1145 3857 9,
1165 3799 1197 3865 5.
1217 3777 1313 3842 snitu.

312 3903 387 3945 eum
405 3886 566 3946 Gallorum
588 3881 711 3948 falcatae
730 3887 893 3971 quadrigae
914 3885 1024 3948 eadem
1043 3889 1165 3947 ratione
1188 3882 1257 3968 palie
1273 3876 1313 3936 dt·

311 3985 387 4047 fixle'
402 3985 551 4068 excepilie
572 3999 664 4067 atque
686 3985 865 4050 inhibuiffe.
918 3987 1083 4049 Existimat
1102 3989 1197 4071 igitur
1212 3971 1312 4043 Voffiut

310 4086 350 4148 ad
370 4085 457 4154 caer
472 4088 513 4152 de
526 4086 572 4182 ΙΒ.
588 4085 628 4150 G.
645 4095 681 4168 4,
697 4097 756 4170 94.
794 4089 941 4154 Frontini
962 4091 1186 4156 narrationem*
1196 4078 1312 4150 hettilffl
