2650 4896
215 393 277 460 232
482 383 644 443 rom
685 375 983 439 rruonrrcrr

220 551 319 618 etiam
334 565 437 618 noctu
450 551 654 620 clarissimam
669 559 779 620 lucem
794 549 905 624 cerni.
929 547 1066 636 diesque
1082 543 1129 611 ibi
1144 548 1272 610 multo

222 653 361 720 maiorer
383 653 516 728 haberi,
543 677 642 740 quam
665 653 762 728 alibi,
791 669 903 719 eontra
920 651 1007 715 circe
1026 653 1170 716 brumale
1192 648 1272 710 sol·

222 753 364 830 ditium,
389 755 490 820 refert
504 760 681 822 somander
695 760 736 820 de
756 753 849 841 gellio
864 753 1153 838 Langobardorum
1172 773 1204 822 r,
1225 759 1268 826 5.

224 875 258 921 et
272 853 406 920 Tacitus
429 855 465 920 in
481 860 590 922 Germ.
613 881 685 945 cap.
703 873 763 940 45.
778 857 825 924 iu.
847 873 934 919 trans
948 853 1088 917 Suionar
1102 853 1143 914 ad
1162 867 1272 912 mare

223 957 356 1044 pigrum
378 959 515 1022 comare
536 957 646 1024 scribit
660 977 842 1024 extremum
862 953 1007 1024 cadentis
1021 953 1087 1017 iam
1103 950 1176 1015 solia
1190 951 1273 1013 sul·

225 1079 338 1144 gorem
353 1055 390 1122 in
406 1077 497 1124 ortus
511 1063 594 1124 adeo
609 1067 752 1134 clarum,
776 1077 812 1123 ut
829 1061 926 1121 fidere
942 1058 1082 1119 hebetet.
1109 1073 1273 1116 macuv-

226 1181 304 1226 ω.
352 1161 444 1224 quta
472 1161 643 1246 opiniones
671 1181 820 1225 veterum
851 1179 918 1221 non
952 1174 1077 1220 tantum
1102 1154 1273 1218 obscurae

227 1275 319 1324 mant
337 1278 451 1326 noctea
473 1283 607 1336 eorum,
640 1263 697 1349 qui
722 1261 758 1325 in
779 1277 924 1324 extremo
946 1260 1102 1343 degerent
1121 1256 1273 1340 septem·

225 1359 351 1434 trione,
377 1363 606 1426 verumetiam
623 1365 703 1428 dies.
749 1367 873 1426 Notum
891 1360 950 1432 est,
977 1357 1272 1444 quemadmodum

227 1465 390 1527 Homerus
405 1465 528 1544 [Odyss.
544 1491 554 1529 ι
570 1491 597 1538 ι,
614 1467 745 1550 rqsqq]
763 1462 930 1548 regionem
947 1459 1114 1530 describat,
1135 1473 1271 1520 tectam

228 1563 358 1628 nebulio
387 1581 420 1628 et
444 1565 611 1652 perpetuis
644 1569 829 1630 damnatam
855 1559 1006 1632 tenebris,
1056 1562 1128 1623 Nec
1146 1574 1271 1625 tamen

228 1667 407 1750 negabant,
438 1667 618 1730 semestrem
642 1669 729 1752 apud
754 1665 829 1730 illos
857 1665 918 1728 esse
939 1661 1046 1733 diem,
1080 1661 1134 1722 sed
1154 1675 1196 1722 ut
1219 1657 1272 1719 est

229 1767 315 1850 apud
342 1765 538 1842 Geminum,
562 1771 612 1850 [c.
630 1771 675 1852 1.]
705 1769 787 1834 adeo
813 1765 993 1850 profundae
1018 1763 1154 1824 nebulas
1178 1757 1269 1823 locis

229 1865 296 1930 illia
312 1865 502 1931 incumbere
518 1869 760 1941 existimabant,
785 1885 823 1930 ut
840 1887 893 1930 ees
909 1863 982 1928 solie
998 1861 1099 1932 radii,
1124 1859 1271 1946 oblique

228 1981 357 2030 tantum
380 1967 574 2042 incidentes.
598 1988 766 2056 penetrare
788 1989 858 2036 nort
879 1967 1013 2052 pollent.
1062 1966 1185 2025 Verum
1206 1982 1270 2022 ne-

229 2069 328 2132 bulae
351 2067 426 2132 istae
446 2091 555 2133 merae
575 2072 649 2135 sunt
669 2071 816 2134 fabellae.
867 2063 1077 2152 Experientia
1099 2058 1267 2147 comperi,

230 2185 264 2230 et
284 2169 381 2232 docet
399 2167 464 2253 ipsa
480 2170 579 2249 ratio,
606 2171 642 2234 in
659 2169 887 2257 septemtrione
908 2168 1018 2236 minus
1033 2167 1094 2228 else
1113 2166 1268 2229 tenebra·

230 2287 324 2340 rum,
351 2286 448 2354 atque
466 2270 553 2334 sitin
576 2271 689 2335 calidis
713 2289 745 2334 et
765 2269 949 2356 temperatis
970 2265 1172 2351 regionibus.
1229 2259 1268 2326 Si

231 2367 306 2458 quie
319 2371 376 2432 sub
391 2375 467 2454 polo
484 2371 595 2436 vivere
611 2375 728 2458 pollet,
759 2371 787 2436 is
807 2372 841 2434 in
858 2385 1013 2456 perpetua
1027 2371 1101 2430 lnce
1121 2365 1268 2428 versare-

232 2485 296 2538 tur.
338 2473 515 2557 Nunquam
538 2473 609 2537 istie
633 2477 677 2536 sol
700 2476 792 2558 supra
810 2489 853 2550 23
871 2495 917 2557 gr.
939 2487 973 2533 et
993 2468 1074 2533 min.
1096 2485 1153 2546 31.
1175 2465 1267 2528 insra

231 2569 439 2636 horizontem
459 2575 634 2639 descendit.
671 2578 789 2637 Verum
808 2590 840 2636 et
857 2571 936 2636 hinc
954 2575 1096 2634 multum
1114 2567 1268 2633 auferen-

233 2672 330 2746 dum,
361 2671 520 2737 nimirum
545 2693 684 2760 quatuor
705 2672 920 2761 autquinque
933 2670 1111 2738 minimum
1133 2670 1267 2754 gradum

232 2789 366 2864 propter
382 2774 591 2840 refractiones
610 2775 694 2841 circa
715 2779 829 2860 polum
847 2773 1025 2844 maximas.
1057 2773 1145 2856 quod
1168 2789 1269 2853 expe·

230 2871 351 2938 rientia
371 2875 500 2942 constat.
553 2875 641 2943 Hinc
657 2893 804 2962 apparet.
830 2897 919 2937 mere
934 2874 994 2940 effe
1011 2871 1152 2944 somnia,
1180 2888 1269 2955 quae

234 2975 275 3038 tle
292 2975 429 3037 semestri
443 2995 543 3041 noete
559 2977 734 3049 dicuntur,
760 2999 837 3040 cum
852 2977 908 3038 sub
924 2977 1001 3067 polo
1025 2976 1114 3036 nulla
1131 2975 1167 3033 fit
1184 2990 1268 3042 nox,

234 3075 289 3136 sed
306 3097 420 3142 aurora
438 3093 470 3140 et
492 3077 562 3141 dies
577 3095 765 3164 perpetuus,
812 3079 855 3140 At
869 3097 947 3138 vero
963 3072 1054 3136 ludio
1076 3090 1109 3136 et
1130 3069 1269 3135 Aethio·

233 3173 351 3260 pibus,
385 3177 442 3263 qui
466 3179 566 3244 solem
586 3177 727 3268 pedibus
744 3175 926 3241 subiectum
947 3177 1086 3246 habent,
1111 3171 1178 3235 illis
1200 3168 1269 3233 uti·

234 3297 299 3360 que
326 3279 476 3341 obscurae
510 3282 584 3344 sunt
611 3295 724 3342 noctes
755 3293 787 3340 et
815 3283 901 3340 nulla
933 3275 1173 3362 propemodum
1198 3293 1270 3335 cre·

232 3377 384 3470 puscule,
411 3383 499 3442 unde
517 3379 699 3464 colligitur,
722 3381 783 3440 hos
801 3377 836 3440 in
853 3375 1033 3440 maioribus
1054 3371 1198 3439 tenebris
1214 3369 1265 3434 vi-

232 3497 329 3553 rere,
363 3493 460 3564 atque
482 3483 628 3544 boreales
650 3482 810 3564 populor,
843 3479 900 3566 qni
918 3493 1075 3574 perpetua
1092 3493 1267 3570 propem02

234 3577 314 3646 dum
338 3579 412 3645 luce
436 3580 598 3653 fruuntur,
632 3601 776 3652 voretur.

301 3771 560 3877 solstitium)
610 3785 658 3846 lta
678 3797 803 3844 veteres
828 3778 1033 3866 simpliciter,
1066 3801 1142 3844 curu
1162 3775 1264 3863 polle·

232 3875 335 3942 riores
367 3881 526 3946 adiiciant
552 3882 717 3946 aestivum.
770 3887 891 3946 Contra
916 3881 966 3944 illi
995 3883 1169 3964 obponubt
1190 3881 1265 3940 bru·

232 3999 338 4051 mam,
370 3981 405 4043 hi
436 3981 606 4045 solstitium
640 3985 797 4048 brumale.
843 3981 916 4046 Viti.
939 3981 1070 4045 Salmas.
1097 3982 1137 4042 ad
1163 3977 1264 4044 Solin·

234 4099 306 4164 rap.
325 4095 380 4160 25.
399 4083 419 4151 s.
443 4101 498 4153 oo.
514 4107 546 4176 p.
565 4107 609 4157 m,
625 4097 704 4168 175.
727 4101 759 4152 et
777 4087 921 4150 Gronov.
940 4083 980 4146 ad
994 4081 1139 4148 Gellium
1157 4100 1189 4155 e,
1211 4098 1264 4144 oe.
