2696 4896
283 455 343 525 aaa
549 442 715 504 Norae
748 447 1057 506 axaoaarcaa

241 621 243 626 ’
278 625 340 688 bue
356 619 525 704 Rhipaeis,
553 633 676 703 atergo
697 619 762 681 sista
783 633 816 682 et
833 621 924 684 Phasi
942 621 1086 682 flumine.
1125 621 1273 684 Araxem
1296 633 1344 682 ta·

282 745 357 790 men
373 726 406 784 in
428 722 620 804 expeditono
637 737 744 781 eontra
762 723 891 799 Scythae
908 723 1030 802 Cyrum
1051 723 1202 785 transiisse
1230 723 1342 784 etiam

224 823 229 832 ’
284 829 338 890 hic
353 823 457 885 scribit
477 845 505 890 r.
520 833 553 900 8,
574 837 606 902 3.
638 823 724 883 Tum
737 824 889 908 sitVolga‚
911 845 1005 904 qnam
1020 826 1162 902 Scythae,
1181 847 1196 886 a
1218 823 1341 884 Massa·

285 929 368 1014 geria
384 924 511 1007 expuis,
536 937 620 985 recte
642 929 738 985 etiarn
757 929 885 987 transire
906 939 1091 1010 potuerunt.
1127 927 1199 989 Vid.
1229 926 1341 988 Hero·

287 1031 355 1092 dot.
372 1039 405 1107 lp.
428 1045 483 1089 tt.
518 1039 549 1088 et
570 1045 648 1106 qnae
671 1025 808 1107 disputat
838 1029 982 1092 Bochart.
1005 1029 1039 1087 in
1063 1027 1181 1112 Piraieg
1206 1041 1249 1106 3,
1281 1039 1339 1104 ¹3·

288 1131 328 1194 At
346 1127 524 1210 interpellat
542 1127 573 1186 iti
598 1126 700 1210 ipsum
718 1127 917 1198 Herodotue‚
944 1129 1027 1210 quod
1047 1126 1150 1188 scribit
1173 1131 1211 1188 ad
1241 1147 1339 1189 auro·

287 1253 355 1293 ram
379 1229 513 1311 solisque
542 1241 648 1316 ortum
680 1229 827 1290 habitasse
851 1229 1049 1314 Massagetas,
1081 1249 1153 1290 cum
1178 1229 1266 1307 Cyri
1290 1247 1340 1288 re·

289 1331 414 1414 spectu,
439 1332 492 1412 qni
515 1349 553 1391 ex
569 1329 692 1392 Perside
712 1329 845 1414 egressura
863 1331 921 1400 esi,
948 1333 981 1390 in
1005 1329 1146 1390 occasum
1165 1331 1286 1411 potius
1303 1341 1338 1389 et

290 1433 548 1515 septemtrionem
572 1431 735 1494 conlocare
754 1431 922 1502 debuisset,
950 1431 969 1490 sr
988 1432 1021 1490 in
1041 1432 1102 1492 situ
1124 1434 1339 1492 conveniret.

289 1535 390 1598 Porro
412 1554 476 1616 cap.
499 1541 581 1610 204.
620 1532 675 1591 ubi
699 1529 804 1614 Caspii
829 1535 923 1594 marie
948 1532 1040 1592 suurn
1072 1531 1231 1602 describit,
1263 1551 1339 1592 eam

289 1651 428 1720 partem,
458 1651 536 1715 quae
557 1633 596 1693 ati
620 1631 781 1715 vesperam
802 1635 922 1720 vergit.
950 1631 1085 1696 Caucaso
1107 1633 1335 1702 disterminati,

293 1739 433 1816 alteram,
456 1754 534 1816 quae
553 1731 666 1816 spectat
683 1755 825 1794 auroram
841 1751 872 1796 et
895 1737 1066 1802 orientem,
1094 1735 1223 1815 planitie
1249 1734 1336 1795 vasta

206 1865 210 1876 ’
292 1839 415 1922 excipi,
442 1839 533 1898 cuiue
555 1856 701 1919 magnam
725 1851 845 1918 partem
866 1837 1048 1920 Massagetae
1071 1839 1246 1898 tenuerint.
1296 1837 1337 1896 ln

291 1959 355 2023 quo
378 1938 506 2020 quidem
526 1935 764 2021 Massagetarum
784 1939 841 1998 satu
860 1952 893 1998 et
915 1941 965 1998 alii
989 1935 1210 2008 consentiunt,
1250 1957 1335 2018 quoe

294 2052 527 2104 commemorat
543 2037 695 2100 Celtariue
714 2041 747 2099 in
763 2039 877 2124 Geogr.
895 2055 958 2102 ant.
978 2053 1009 2118 3.
1028 2055 1084 2109 αι,
1106 2056 1164 2118 29.
1205 2041 1246 2100 ln
1272 2039 1336 2119 pri·

294 2144 358 2205 anie
381 2140 445 2201 huc
468 2137 540 2200 facit
557 2141 668 2201 Strabo
692 2161 745 2202 rr.
769 2161 839 2224 pag.
859 2155 940 2219 352.
965 2140 984 2202 s.
1005 2153 1089 2216 512.
1119 2141 1175 2222 qui
1198 2141 1336 2202 eoadem

294 2241 493 2326 Massagetae,
519 2253 627 2302 contra
645 2261 722 2322 quoe
737 2243 839 2320 Cyrus
855 2242 973 2304 bellum
993 2240 1098 2326 gessit.
1123 2261 1226 2324 prope
1243 2243 1336 2302 Sacae

296 2345 335 2406 ad
359 2357 464 2404 ortum
488 2339 590 2421 Caspii
615 2345 707 2402 maria
731 2346 839 2424 ponit,
875 2365 1050 2424 eorumque
1072 2346 1192 2426 regioni
1218 2343 1333 2403 tribuit

294 2446 428 2515 Araxen,
446 2431 602 2529 (Ἂραξον
619 2443 662 2502 ibi
681 2446 808 2524 quidem
825 2446 947 2520 editur)
969 2448 1022 2524 qui
1040 2447 1071 2504 in
1091 2445 1188 2504 multa
1206 2443 1333 2504 brachia

296 2547 442 2614 findatur,
467 2545 598 2626 reliquia
619 2546 701 2606 osiiia
718 2565 803 2606 exeat
824 2548 856 2605 in
876 2567 959 2606 mare
975 2545 1240 2626 septemtrionale.
1264 2563 1331 2605 uuo

293 2647 328 2708 in
352 2646 512 2728 Caspium.
565 2647 628 2707 l'ro
653 2627 753 2707 Araxo
779 2647 886 2708 Oxum
914 2645 948 2709 sl.
971 2667 1009 2706 ea
1037 2647 1243 2707 Eratosthene
1269 2644 1334 2729 post

294 2745 406 2811 adfert.
451 2744 502 2810 Cf.
531 2747 570 2805 de
600 2745 774 2832 Massagetis
796 2749 833 2808 ad
862 2771 889 2818 r,
914 2765 947 2817 α,
971 2759 1004 2823 5.
1081 2749 1184 2828 Atque
1214 2749 1259 2806 ita
1293 2747 1332 2806 de

295 2847 416 2910 effluxu
433 2848 514 2930 apud
533 2849 687 2911 Herodot.
710 2871 737 2918 ι,
761 2865 843 2911 202.
866 2851 904 2910 ad
929 2851 1034 2911 Oxum
1057 2850 1150 2908 unice
1169 2850 1332 2928 pertinere

294 2963 385 3034 putat
400 2949 557 3010 d'Anviile
580 2947 666 3031 (vid.
685 2947 788 3032 inira)
810 2972 841 3033 p.
861 2961 919 3026 81.
944 2953 976 3010 in
996 2949 1065 3011 hisi.
1083 2950 1122 3009 de
1142 2948 1331 3010 l'aoadernie

294 3079 342 3094 —
361 3050 400 3112 de
414 3051 501 3111 Paria
518 3050 614 3111 Tom.
633 3053 691 3129 56.
727 3049 778 3114 cf.
803 3053 896 3112 etiarn
914 3052 953 3112 de
969 3053 997 3113 sa
1015 3051 1122 3111 Nauze
1140 3049 1189 3110 sur
1205 3049 1331 3111 l’Araxe

295 3153 350 3215 des
366 3151 546 3234 Massagetes
565 3149 648 3212 selon
666 3153 827 3214 Herodote
847 3154 887 3213 T.
905 3154 963 3231 36.
981 3173 1012 3234 p.
1029 3135 1087 3230 69.
1104 3172 1129 3211 c.
1148 3152 1169 3210 l.
1196 3148 1253 3214 Sic
1268 3151 1331 3212 He·

296 3255 429 3315 rodotua
445 3272 545 3312 unum
562 3251 657 3314 habet
678 3253 801 3324 ostium.
829 3273 894 3334 quo
915 3251 1035 3331 effluat,
1059 3252 1177 3332 reliqna
1193 3253 1227 3312 in
1244 3253 1330 3335 pasu-

296 3354 352 3415 dea
369 3355 476 3416 evolvi
494 3352 607 3416 scribit.
634 3355 739 3437 Quam
756 3354 912 3416 Issedones
928 3354 1084 3416 obiiciunt
1099 3351 1330 3424 difficultatem,

298 3473 333 3515 ea
356 3452 437 3516 forte
460 3455 498 3515 iic
520 3455 589 3514 tolli
612 3455 729 3536 potest.
759 3457 933 3524 srdixerie,
964 3453 1052 3537 supra
1076 3475 1159 3514 mare
1178 3453 1328 3538 Caspium

298 3551 479 3640 Massagetae
502 3555 661 3636 obpositae
683 3556 820 3617 habuisse
842 3535 1016 3626 Issedones,
1050 3551 1180 3632 (airolae
1205 3555 1326 3618 Herod.

305 3677 333 3725 1,
355 3674 397 3718 oo
409 3661 456 3732 ι.)
481 3654 553 3717 illos
575 3670 679 3716 autem
697 3677 735 3717 ex
754 3655 877 3718 sedibus
895 3656 954 3719 suia
971 3659 1122 3718 excitator
1142 3671 1251 3716 contra
1267 3657 1327 3736 Cy·

299 3775 369 3816 rum
390 3759 427 3818 ad
455 3759 588 3818 Araxern
618 3757 791 3840 progressos
814 3757 933 3830 suisse‚'
954 3760 1039 3838 quoti
1062 3759 1191 3838 quidem
1218 3761 1325 3819 innuit

299 3875 365 3937 cap.
384 3873 453 3932 207
472 3856 513 3940 sq.
555 3856 604 3921 Cs.
622 3861 719 3919 etiarn
737 3881 815 3939 quae
835 3862 1035 3940 disputarunt
1055 3861 1095 3918 de
1108 3859 1136 3917 la
1153 3857 1262 3920 Nauae
1280 3858 1325 3919 sur

297 3956 417 4019 l’Araxe
438 3959 493 4018 des
517 3959 698 4043 Massagetes
720 3959 804 4021 selon
821 3961 1002 4030 Herodote,
1036 3961 1070 4019 in
1093 3960 1266 4022 memoiree
1287 3961 1324 4021 de

296 4056 476 4120 l’academie
493 4093 544 4106 ·--
567 4062 605 4120 rte
618 4063 714 4122 .l'aris
735 4065 776 4124 T.
794 4064 852 4139 36.
875 4085 906 4146 p.
924 4063 970 4140 69
991 4059 1052 4142 sqq.
1080 4060 1167 4122 etde
1185 4061 1324 4144 Guignea

298 4157 348 4222 sut
365 4159 492 4223 l’erreur
508 4161 703 4227 d’Herodote
719 4161 769 4225 sur
784 4163 905 4230 l’Araxe
922 4164 1013 4246 ib.'p.
1026 4163 1072 4242 76
1088 4160 1150 4246 sqq.
1185 4161 1226 4226 At
1241 4161 1323 4245 apud
