2748 4888
264 403 307 472 ιι,
533 392 698 454 norae
729 395 1040 452 axaoarrcaa

269 570 388 634 lusiam
403 567 520 630 dictam
534 569 628 629 erirrn
642 567 704 630 esse
716 569 817 634 addit.
847 567 949 632 cente
962 583 1072 631 autem
1084 569 1337 654 distinguenda

270 673 313 736 est
335 673 375 732 ab
397 669 507 732 Ebora
525 669 685 740 Baeticae,
717 691 814 751 quarn
837 669 1053 733 t'aieoncettue
1071 693 1141 756 pag.
1164 693 1220 735 to.
1246 693 1281 734 c.
1305 673 1335 736 l.

270 795 328 858 per
342 797 361 834 u
377 773 485 854 potior
501 769 696 834 scribendam
711 771 772 834 else
785 771 900 844 censet,
922 774 1017 835 Plinii
1036 787 1068 850 3.
1086 788 1119 849 3.
1136 772 1157 836 s.
1177 795 1207 834 ι.
1224 773 1338 835 Eber-

272 897 342 938 ram
364 875 557 956 cognomine
578 875 747 938 Cerealem.
797 875 860 936 Sed
877 895 951 936 eum
974 875 1179 936 imilitudine
1202 879 1336 936 nomi·

272 995 351 1039 unm
376 975 565 1038 Strabonem
596 990 630 1037 et
656 977 856 1057 Stephanum
879 978 1028 1058 deceptor
1054 979 1113 1046 ait.
1143 997 1209 1038 non
1244 976 1335 1041 satia

272 1091 357 1139 reate
379 1089 502 1138 monet.
543 1079 580 1138 ln
595 1077 751 1141 Strabone
766 1080 854 1138 enim
871 1091 904 1156 3.
920 1099 953 1160 p.
971 1093 1030 1157 97.
1047 1077 1069 1140 s.
1088 1088 1168 1157 140.
1193 1080 1336 1162 legitur

272 1175 438 1266 'Essosrpa‚
465 1181 498 1240 in
519 1179 685 1262 Stephano
703 1171 851 1265 'Eliapm
883 1199 1021 1260 qnorum
1040 1181 1093 1240 ille
1111 1181 1206 1261 ponit
1227 1183 1336 1242 inter

274 1281 400 1344 Baetim
417 1293 450 1340 et
466 1281 585 1362 Anam,
608 1283 661 1342 hic
677 1283 744 1362 post
759 1283 862 1343 Gader
879 1283 912 1340 in
928 1282 1035 1342 litore.
1074 1281 1160 1342 Turn
1175 1283 1213 1342 arl
1232 1283 1336 1344 hano

243 1451 251 1466 ,
274 1384 382 1468 potina
404 1379 605 1443 referendum
629 1383 689 1444 else
706 1383 850 1452 videtur,
879 1382 965 1465 quod
989 1397 1078 1464 putat
1094 1381 1334 1446 i'asconcellua

274 1505 307 1570 p.
332 1501 385 1548 12.
410 1485 564 1564 probante
590 1485 699 1546 Nonio
722 1505 790 1567 cap.
807 1499 867 1562 32.
889 1484 1025 1545 nostram
1046 1485 1085 1546 ab
1107 1484 1335 1546 Eburonibus

276 1587 438 1648 conditam
455 1583 554 1647 inisse.
585 1587 714 1648 Nomen
729 1601 836 1648 autem
848 1584 1041 1646 Liberalitas
1056 1587 1140 1648 latia
1156 1588 1188 1646 ia
1206 1587 1336 1648 Plinio

277 1689 444 1750 consrrrnat
465 1685 626 1770 inscriptio
646 1690 728 1772 apud
754 1689 879 1750 Gruter.
899 1709 931 1770 p.
953 1697 1039 1768 439,
1059 1707 1093 1767 9.
1114 1686 1208 1748 Divo
1232 1688 1338 1748 Inla'o

279 1791 333 1854 12.
359 1789 446 1852 iulia
467 1787 578 1850 Ebora
598 1789 637 1850 ob
666 1791 752 1850 illins
777 1792 920 1852 inmun.
946 1803 978 1852 at
1007 1791 1119 1852 uranie.
1143 1786 1336 1850 liberalita-

279 1904 341 1956 tem
365 1927 413 1939 -
450 1890 517 1954 Sub
541 1893 623 1953 lolio
652 1890 779 1956 Caesare
808 1893 903 1975 igitur
924 1892 974 1954 ina
1002 1893 1147 1952 Italicum
1169 1889 1337 1973 accepisse

279 1997 408 2056 videtur
432 2005 464 2054 et
491 1995 704 2073 municipium
732 1995 849 2055 veterio
875 1993 958 2054 Latii
984 1993 1120 2055 dictum.
1175 1991 1243 2054 Alia
1277 1993 1337 2052 in·

280 2093 407 2176 scriptio
430 2113 447 2153 a
474 2093 614 2156 Sertorio
642 2094 812 2157 moenibus
845 2092 934 2156 suilla
966 2095 1152 2156 instructum
1183 2092 1338 2154 declarat

281 2195 340 2258 stc:
376 2193 416 2288 ρ.
440 2194 556 2256 sertor.
575 2227 622 2242 -
639 2193 736 2256 Ebor.
759 2196 875 2264 munic.
902 2229 951 2246 -
974 2193 1076 2256 urbem
1101 2195 1252 2256 moenivit
1277 2214 1337 2255 eo·

281 2315 341 2380 qne
354 2315 470 2387 optram
484 2293 615 2386 diverfis
632 2299 665 2357 in
681 2296 766 2358 duat.
789 2319 883 2358 mrum
901 2295 1062 2358 conleeteir
1075 2286 1233 2385 fontibus
1253 2317 1338 2373 per·

283 2395 457 2458 ducendam
484 2401 622 2462 curavit.
658 2399 701 2460 H.
725 2396 833 2460 Ebora
860 2412 1001 2481 putatur.
1040 2396 1176 2480 Quodsi
1204 2415 1335 2458 verum

283 2497 344 2567 est.
379 2500 430 2560 vel
451 2497 533 2559 Meta
558 2502 689 2572 erravit,
717 2503 768 2559 vel
794 2501 856 2563 alii.
911 2502 967 2562 lile
983 2503 1071 2561 enim
1089 2500 1182 2580 ponit
1202 2499 1237 2558 in
1257 2517 1335 2569 ora,

284 2601 337 2661 vel
355 2619 420 2661 non
435 2601 547 2680 procul
566 2604 653 2667 inde.
689 2603 730 2662 At
748 2597 930 2686 longissime
948 2615 1094 2662 removet
1110 2599 1335 2670 Ptolemaeua.

284 2700 306 2763 ii
333 2701 483 2763 Salaciam
511 2701 644 2782 spectes.
677 2724 694 2764 a
719 2724 778 2783 qua
802 2702 931 2764 dislabat
950 2712 998 2780 45
1012 2703 1060 2762 Μ.
1078 2701 1118 2765 Ρ.
1144 2703 1334 2778 (Antonin.

286 2803 358 2864 itin.
376 2822 402 2868 c.
418 2804 459 2880 l.)
499 2801 548 2864 cf.
568 2805 662 2867 etiam
686 2807 826 2868 Mariana
847 2807 880 2864 in
901 2803 971 2866 hill.
991 2804 1030 2864 de
1050 2801 1214 2886 l’Espagne
1227 2803 1270 2862 T.
1298 2823 1335 2868 ι.

286 2921 317 2986 p.
339 2917 408 2982 397
425 2901 465 2984 sq.
493 2905 548 2967 ubi
569 2909 608 2968 de
625 2907 748 2970 Eborae
771 2905 829 2966 situ
846 2905 1001 2987 variiaqne
1016 2907 1185 2968 doctorum
1200 2904 1338 2985 opinio-

287 3005 382 3066 nibus
404 3004 535 3068 disserit.
589 3007 656 3089 lpse
679 3021 771 3091 putat
788 3007 820 3068 h.
842 3007 1011 3079 Telamo,
1043 3005 1129 3092 quod
1153 3019 1261 3070 tamea
1288 3004 1335 3068 ab

287 3103 350 3169 hoc
374 3119 474 3168 tractu
494 3109 689 3192 aliquantum
708 3110 751 3171 esi
771 3124 945 3174 remotum.

367 3307 564 3390 Salaria)
601 3311 653 3373 Sic
671 3326 702 3372 et
720 3311 847 3374 Graece.
879 3307 962 3372 Urbs
975 3309 1187 3383 imperatoria
1208 3325 1337 3391 cogno·

289 3411 407 3472 minata
425 3409 482 3472 snit
500 3425 626 3475 anctore
636 3412 741 3474 Plinio
756 3425 791 3492 4.
809 3423 863 3491 35.
877 3409 896 3472 s.
910 3426 968 3474 22.
982 3409 1200 3492 inscriptiones
1215 3405 1334 3490 passim

291 3525 406 3574 vocant
430 3514 650 3592 manicipium.
684 3527 718 3573 ut
742 3515 823 3594 apud
847 3513 972 3574 Gruter.
994 3531 1025 3593 p.
1049 3509 1175 3589 13.16.
1220 3511 1335 3572 Hodie

291 3611 455 3674 sisnande
470 3615 542 3684 sat,
577 3613 749 3674 liLuiitani
773 3633 838 3674 non
862 3611 988 3680 saliunt.
1015 3614 1100 3692 quod
1125 3624 1215 3672 caute
1237 3612 1336 3671 addit

291 3711 473 3797 Welleling.
490 3717 526 3774 ad
545 3717 665 3777 Anton.
683 3717 785 3776 itiner.
805 3735 835 3794 p.
852 3723 936 3796 [με.
978 3712 1095 3773 Fallere
1113 3714 1200 3774 enim
1218 3714 1335 3774 viden·

293 3826 362 3884 tur,
397 3815 416 3872 li
434 3815 542 3896 Lopez
563 3830 647 3879 recte
663 3819 694 3877 in
711 3816 824 3876 tabulis
837 3811 958 3894 posuit.
982 3813 1014 3872 in
1030 3813 1146 3894 quibus
1161 3812 1204 3874 eil
1218 3833 1234 3874 a
1249 3816 1336 3874 mari

291 3929 424 3978 remota.
466 3917 582 3980 Putem
602 3919 676 3978 irinc
690 3920 796 4000 potine
812 3915 871 3976 effa
892 3914 923 3974 h.
944 3911 1110 3984 Secirnbra,
1137 3913 1239 3975 resin
1259 3919 1334 3977 eiua

292 4017 408 4079 vicinia
430 4017 537 4078 locum
562 4019 667 4100 paullo
691 4017 770 4080 inira
789 4013 1029 4095 Caetobrigam‚
1060 4016 1144 4096 quod
1169 4035 1207 4077 ex
1225 4015 1335 4080 Ptole·

292 4137 385 4190 niteo
405 4133 439 4191 2,
457 4131 493 4198 5·
518 4135 551 4184 et
570 4119 730 4183 Marciano
752 4139 786 4206 p.
803 4131 863 4204 42·
882 4114 982 4184 Hudi.
1005 4117 1204 4202 intelligitur.
