2696 4896
295 429 356 491 apo
464 451 468 456 -
562 410 724 470 nom
763 411 1065 470 enomere

292 585 395 650 suerat
416 580 542 655 consul,
575 585 739 648 neminem
755 585 867 668 potest
891 585 1071 656 offendere,
1109 589 1164 668 qai
1187 588 1308 660 noverit.

292 692 338 751 ita
354 689 450 748 etiam
468 685 555 769 saepe
576 687 657 772 dici,
689 689 743 768 qui
759 707 797 748 ex
820 702 963 770 praetura
980 690 1014 748 in
1033 689 1227 769 provinciam
1247 709 1308 770 pro-

292 787 368 852 fecti
385 785 492 857 essent,
518 789 566 848 uti
580 789 643 850 iarn
660 789 770 851 docuit
784 789 905 870 prolixe
921 789 1088 851 Manutius
1103 791 1141 852 ad
1156 789 1220 851 Cic.
1233 789 1306 871 epist.

292 893 331 954 ad
352 888 466 952 divers.
487 909 516 963 ι,
541 913 570 954 r.
623 889 676 950 Sic
691 889 738 950 lls.
758 890 890 951 Fulvius
904 911 922 952 a
936 892 1031 952 Livio
1050 904 1108 970 35,
1125 907 1183 962 22.
1199 887 1229 954 6.
1248 909 1306 971 pru·

292 991 402 1056 consul
414 1005 555 1060 vocatur.
574 991 724 1071 idemque
740 993 798 1068 36,
815 1007 847 1062 2.
865 1001 897 1066 a
920 1007 1118 1076 propraetor.
1146 994 1198 1055 Sic
1212 989 1305 1053 diserte

292 1095 405 1156 Livius
419 1103 478 1172 41,
494 1110 547 1156 12.
563 1093 607 1154 in.
623 1093 712 1170 (16.)
734 1093 780 1154 Ti.
796 1093 953 1154 Claudius
968 1085 1147 1184 proconsul.
1169 1093 1222 1176 qui
1233 1112 1305 1172 prae·

294 1208 345 1258 tor
364 1196 467 1272 priore
485 1214 571 1255 anno
582 1185 711 1283 fuerat.
761 1195 892 1256 Videtur
907 1195 969 1255 hoc
988 1197 1021 1255 in
1040 1196 1151 1278 primia
1165 1191 1304 1277 contigisse

290 1298 348 1367 iia.
374 1297 428 1376 qui
444 1293 626 1376 Hispaniam
643 1293 846 1367 obtinebant,
870 1297 917 1355 uti
938 1296 1084 1378 pluribus
1101 1315 1140 1358 ex
1156 1294 1243 1356 Livio
1260 1295 1305 1356 do·

291 1409 426 1462 ruerunt
446 1397 597 1459 Dukerue
618 1410 651 1457 et
672 1394 835 1458 Drakenb.
856 1398 894 1458 ad
913 1411 970 1475 33,
988 1411 1047 1474 25,
1068 1416 1104 1478 9.
1140 1411 1196 1477 39,
1212 1403 1304 1474 29.ss

290 1511 351 1580 40,
378 1513 436 1579 39.
457 1499 503 1562 in.
550 1497 701 1560 Noslrum
733 1499 864 1578 quidem
897 1499 959 1560 hoc
992 1498 1082 1561 sensu
1106 1496 1305 1582 proconsulem

291 1603 373 1672 dici,
399 1603 526 1681 adparet
541 1619 580 1662 ex
597 1599 760 1662 Ciceronit
776 1600 861 1682 episi.
877 1601 916 1660 ad
940 1600 1055 1662 divers.
1073 1612 1106 1678 5,
1126 1620 1155 1664 r.
1171 1615 1203 1662 2.
1224 1599 1254 1659 in
1267 1599 1306 1657 in·

291 1701 477 1784 scriptione,
502 1715 587 1762 etex
603 1701 674 1762 loco
691 1700 799 1763 Plinii.
849 1701 914 1763 Rea
930 1703 1029 1786 igitur
1052 1703 1105 1764 illa
1121 1701 1227 1763 accidit
1244 1711 1303 1760 ante

290 1805 365 1868 lulii
384 1801 520 1866 Caesaris
542 1800 796 1884 proconsulatum
812 1802 948 1874 Galliae,
974 1824 1072 1887 quem
1089 1801 1192 1865 adiisse
1206 1799 1306 1864 conslat

289 1906 392 1970 slatim
420 1925 459 1966 ex
485 1903 663 1973 consulatu,
704 1918 743 1964 ut
766 1902 831 1986 ipse
854 1905 933 1964 dicit
955 1907 1041 1987 apud
1071 1907 1169 1967 Ilion.
1187 1914 1238 1980 33.
1254 1910 1304 1978 41.

290 2007 329 2070 L.
347 2006 462 2070 Pisone
477 2021 511 2067 et
529 2007 568 2068 Δ.
580 2005 719 2067 Gabinio
735 2005 818 2069 CSS.
833 2007 856 2068 i.
870 2025 898 2068 e.
915 2026 999 2070 anno
1012 2004 1051 2070 U.
1063 2005 1100 2072 C.
1111 2006 1192 2087 696.
1206 2003 1303 2082 (Van.)

364 2207 523 2289 Indos)
572 2207 719 2291 intellige
739 2207 886 2272 homines
899 2211 987 2272 India
1010 2209 1136 2273 similer.
1180 2205 1303 2271 Stultum

290 2329 427 2392 namque
451 2309 641 2379 existimare,
673 2328 765 2371 veroa
782 2311 879 2372 indos
901 2331 940 2373 eo
962 2332 1064 2393 usque
1087 2323 1244 2395 penetrare
1257 2323 1302 2387 po

290 2413 393 2478 tuisse.
445 2410 573 2474 Cuiatea
595 2429 671 2473 vero
688 2412 733 2471 illi
753 2409 889 2483 suerint,
913 2433 952 2473 an
969 2411 1050 2484 Asri.
1079 2433 1119 2476 an
1135 2406 1300 2473 Americani,

289 2517 429 2578 multum
446 2512 539 2574 habet
550 2510 697 2574 sollicitor
713 2525 880 2596 nugatores
894 2515 1059 2594 quaedam.
1091 2517 1160 2598 Ego
1173 2522 1302 2572 nentrum

289 2629 386 2701 puto,
419 2613 469 2677 sed
495 2615 629 2676 omnino
656 2613 788 2675 arbitror
814 2615 885 2676 istoa
911 2617 1013 2676 Indici
1036 2618 1151 2678 eolorie
1172 2610 1301 2674 homines

230 2758 233 2766 ,
289 2736 385 2781 veroa
404 2715 686 2778 suisseilritanaoe.
737 2713 925 2778 Isatieenim
943 2717 1052 2788 herba,
1083 2707 1302 2798 quaolirnilri·

289 2821 379 2882 teani
403 2833 509 2879 totum
531 2815 678 2876 sucabant
693 2833 823 2898 corpur,
849 2835 915 2878 non
932 2819 1113 2900 simpliciter
1130 2815 1300 2880 caeruleum.

290 2919 343 2984 sed
360 2921 507 2982 indicum
533 2914 630 2979 esficit
649 2919 799 2979 colorem.
852 2917 976 2982 Notum
999 2939 1075 2982 vero
1098 2935 1197 3004 genua
1218 2909 1302 2994 quod·

290 3022 363 3084 darn
390 3021 525 3083 caerulei
555 3019 683 3102 nigrum
715 3037 814 3100 paene
844 3017 921 3090 else.
956 3041 991 3081 ac
1023 3024 1132 3083 vocari
1159 3013 1300 3080 indicum.

289 3117 384 3210 [Vid.
406 3118 531 3184 Salmas.
556 3121 593 3180 ad
617 3120 716 3181 Solia.
735 3139 800 3200 cap.
820 3137 878 3183 22.
905 3119 924 3184 s.
944 3133 1000 3197 25.
1025 3143 1055 3204 p.
1076 3143 1120 3186 m.
1143 3129 1218 3196 180.
1233 3101 1300 3194 Ta]

291 3225 378 3286 Talia
404 3236 469 3284 erat
500 3235 644 3283 veterum
676 3221 901 3283 Britannorum
928 3224 1025 3284 color.
1057 3224 1180 3285 Pliniue
1200 3231 1252 3284 20·
1276 3230 1300 3271 ¹·

280 3322 388 3420 flatile
405 3323 590 3404 plantagini
610 3321 664 3402 gia
680 3335 746 3382 tum
764 3323 797 3381 in
817 3323 921 3384 Gallia
937 3337 1088 3395 vocatur,
1114 3342 1173 3408 qao
1186 3317 1301 3380 Britan·

290 3447 402 3490 norum
424 3425 567 3502 coniuges
587 3443 742 3504 aurasque
766 3435 837 3483 toto
859 3445 986 3502 corpore
1007 3424 1112 3487 obitae
1131 3413 1299 3508 rsaibasdam

282 3519 389 3622 sacris
408 3537 439 3585 er
461 3523 564 3584 aradae
585 3522 749 3593 incedant,
782 3525 969 3602 Aethiopum
989 3527 1119 3588 colorem
1142 3523 1298 3586 imitantes.

290 3629 380 3712 Quid
403 3628 520 3685 mirum
545 3643 640 3693 vero,
674 3623 807 3686 Metello
830 3625 1034 3698 Proconsuli,
1068 3628 1211 3690 nondum
1231 3626 1298 3679 11010

289 3731 365 3793 illoc
395 3728 622 3788 Britannorum
651 3743 758 3794 more.
790 3726 961 3790 Britannos
984 3748 1041 3811 pro
1066 3729 1153 3790 indie
1179 3721 1234 3786 esse
1254 3713 1299 3778 ob·

288 3827 416 3894 trusos?
467 3829 549 3910 Quia
571 3828 665 3888 etiam
688 3818 784 3888 hodie
803 3828 969 3890 hominem
985 3831 1027 3891 ita
1044 3833 1163 3912 pictum
1179 3838 1209 3888 et
1228 3818 1297 3881 suea-

288 3947 362 3998 tum
379 3948 436 4012 pro
454 3928 553 3999 sado,
573 3942 626 3990 aut
642 3927 897 4012 Leucoaethiope
913 3949 978 3992 non
997 3931 1149 4013 accipiat?
1174 3933 1297 3987 voasrvr.

288 4033 333 4100 At
356 4033 377 4090 sr
398 4030 431 4092 hi
453 4029 601 4092 homiaee
624 4049 688 4090 non
711 4027 831 4091 suerint
852 4031 940 4102 Indi,
973 4029 1025 4094 sed
1048 4030 1203 4098 Britanni,
1227 4018 1299 4085 nulla

287 4134 397 4223 potuit
415 4150 529 4194 eorum
554 4129 641 4194 firisse
662 4127 776 4194 erratio
799 4133 833 4192 in
858 4132 973 4196 iudicia
998 4135 1156 4198 aranibua.
1184 4149 1207 4192 r.
1232 4137 1300 4185 oro·
