2674 4906
268 409 330 477 eoo
536 399 701 490 norun
735 399 1053 460 uxnoorrcrn

268 573 363 640 modo
378 585 411 636 et
425 571 576 636 Hibernis
589 565 714 667 adsueti
730 573 879 669 hostibus.
907 575 1071 639 Ceterum
1085 576 1192 638 Melae
1210 573 1308 639 locum

268 679 310 741 lic
328 675 468 736 reddidit
484 678 656 739 lornandee
673 679 712 740 de
728 679 766 738 Β.
787 677 859 740 Get.
883 697 908 741 c.
927 694 960 741 9.
977 693 1065 739 extr.
1089 678 1213 738 Bessum
1235 679 1308 740 iuter

262 771 303 871 se
322 789 380 838 aut
400 778 520 856 imperii
533 777 692 858 cupidine,
717 791 775 840 aut
793 776 1028 870 amplificandi,
1053 799 1139 862 quae
1153 774 1305 869 poffidern,

259 870 389 971 saepius
411 890 524 958 gerunt
547 898 610 939 rrorr
636 891 762 940 tontum
787 882 947 962 equitatu,
974 879 1030 942 vei
1050 880 1181 961 pedite,
1210 902 1305 941 verum

268 982 363 1041 etiarm
383 976 480 1059 bigis,
504 977 703 1062 curribusque
709 971 873 1068 fulcatis,
896 1002 975 1064 qreos
994 1003 1087 1043 more
1101 982 1229 1060 vrrigmi
1245 974 1304 1070 effe·

268 1081 328 1142 dar
348 1091 478 1144 vocant.
523 1083 572 1143 De
587 1081 683 1144 causis
698 1080 774 1144 belli
794 1083 886 1164 plane
903 1083 1062 1166 obposrtir
1086 1083 1173 1166 apud
1190 1082 1305 1144 Germe·

267 1201 328 1245 noe
345 1181 413 1244 vid.
430 1195 462 1258 3,
479 1195 512 1258 3,-
532 1195 565 1259 3.

342 1383 508 1466 pedite)
557 1381 619 1448 Per
642 1381 882 1448 concinniorem
907 1381 1154 1466 obpositionem
1181 1385 1304 1446 debebat

267 1483 328 1549 else
348 1485 513 1563 peditatu,
538 1489 587 1546 uti
611 1499 643 1548 et
668 1487 803 1547 malebat
823 1489 1002 1550 Pintianur.
1059 1490 1125 1550 Sed
1151 1487 1218 1549 vid.
1242 1501 1301 1549 not.

267 1590 337 1649 crit.
353 1607 383 1667 p.
406 1600 484 1664 175.
538 1590 585 1649 od
604 1603 774 1668 utrumqne
794 1589 941 1670 pertinet,
968 1591 1059 1669 quod
1078 1591 1120 1650 de
1137 1589 1302 1650 Calidoniit

265 1701 299 1751 et
314 1687 447 1749 Maeotis
466 1703 570 1750 narrat
586 1691 652 1751 Dio.
669 1690 726 1764 76.
748 1704 801 1752 12.
826 1680 1067 1776 στρατεύονται
1085 1685 1140 1752 iri
1155 1711 1192 1752 τε
1211 1681 1300 1774 ἁρμά-

266 1809 350 1860 των,
382 1785 502 1864 ἵππους
523 1785 657 1874 ἔχοντες
677 1781 811 1877 μικροὺς
836 1781 890 1851 καὶ
912 1790 1047 1875 ταχεῖς·
1086 1781 1144 1852 καὶ
1166 1786 1253 1873 πεζοὶ
1275 1783 1302 1849 δέ

266 1888 344 1963 εἶσι,
377 1880 432 1952 καὶ
460 1885 589 1978 δραμεῖν
620 1880 780 1964 ὀξύτατοι
811 1881 865 1952 καὶ
897 1893 1055 1973 συστῆναι
1092 1885 1298 1974 ταγιὼτατοι.

266 1991 397 2053 Tacitus
413 1993 446 2051 in
461 1993 605 2076 Agricola
624 2011 652 2053 c.
675 2007 729 2054 ι9.
746 1993 790 2053 in.
814 1994 857 2053 Irr
876 1991 982 2074 pedite
1002 1991 1124 2066 rubum
1154 1989 1299 2076 queedam

265 2095 413 2155 nationes
432 2104 464 2151 et
488 2113 579 2153 curru
602 2094 808 2170 proeliantur·

340 2287 477 2376 bigis)
534 2293 755 2357 Multitudinis
789 2290 875 2356 sensu
902 2313 960 2378 per
984 2311 1120 2357 oerum.
1180 2290 1294 2374 Nempe

265 2393 357 2478 bigae
380 2397 508 2458 unitatis
534 2415 671 2459 numero
698 2409 821 2457 vererer
857 2397 1019 2468 dixerunt,
1057 2416 1120 2457 nec
1147 2393 1294 2478 singularis

266 2495 358 2576 bigo,
391 2497 448 2557 nisr
475 2495 608 2580 sequiori
634 2510 735 2560 aetate
760 2497 829 2580 poss
856 2499 1027 2559 Varronem
1054 2510 1089 2558 et
1113 2498 1292 2559 Ciceronem

266 2597 435 2660 obtinuiffe
453 2596 541 2659 usum
561 2597 705 2661 observat
721 2595 852 2659 Pitisour
868 2601 904 2659 ad
923 2601 1054 2660 Soetoo.
1073 2599 1184 2658 Tiber.
1201 2617 1226 2656 c.
1242 2593 1290 2655 26.

266 2711 299 2762 et
320 2699 396 2759 hinc
419 2713 502 2761 recte
519 2713 551 2761 et
574 2697 746 2762 secundum
771 2713 869 2760 artem
887 2701 926 2759 tle
942 2719 1007 2759 noo
1029 2699 1180 2761 vehiculo
1196 2691 1291 2756 dixisse

265 2800 376 2883 Virgil.
399 2803 477 2862 Aen.
497 2817 529 2869 9.
554 2816 635 2876 979.
661 2813 750 2862 notet
774 2803 914 2862 Servius.
968 2801 1072 2861 Habet
1100 2817 1204 2860 remen
1226 2793 1290 2873 biga

267 2897 362 2961 semei
386 2901 568 2984 iterumque
585 2903 713 2972 Statius,
743 2916 775 2962 et
795 2922 834 2962 ex
850 2899 1053 2981 inscriptione
1070 2902 1157 2984 opud
1174 2899 1288 2960 Gruter.

264 3009 351 3085 484.
369 3023 402 3063 n.
420 3005 453 3065 6.
473 3001 575 3065 adfert
589 3006 628 3066 ad
645 3005 777 3066 Sueton.
794 3023 820 3066 c.
838 3003 859 3064 l.
879 3002 1043 3066 Graevius.

341 3203 567 3286 covirrrros)
629 3206 678 3268 dn
710 3206 817 3288 potius
850 3205 994 3275 covinos.
1028 3205 1096 3270 vid.
1132 3216 1200 3265 not.
1226 3193 1285 3258 cris·

265 3321 336 3388 pag.
358 3319 397 3379 17
404 3319 423 3382 5
439 3304 504 3386 squ.
540 3305 668 3368 Covirra
686 3327 745 3389 pro
764 3340 811 3356 -
826 3327 863 3366 us
878 3323 917 3367 ex
934 3304 1087 3390 Glossogr.
1106 3305 1176 3366 MS.
1197 3296 1288 3362 adfert

263 3405 381 3468 Severo
399 3407 437 3466 ad
455 3406 568 3468 Sidon.
585 3408 723 3488 Apollin.
737 3427 831 3468 carm.
850 3421 906 3484 23.
924 3418 1008 3482 351.
1044 3403 1176 3488 Proprie
1192 3399 1285 3461 covin-

263 3525 322 3567 rmr
347 3505 409 3566 suit
433 3527 541 3568 currus
563 3507 751 3592 Belgarum,
785 3527 801 3568 a
827 3509 943 3589 quibus
969 3527 1115 3588 recepere
1140 3497 1282 3566 Britanni·

262 3605 431 3691 Belgarum
446 3607 624 3691 progenier.
652 3609 737 3669 Hinc
748 3611 865 3669 Lucan.
881 3629 909 3678 1,
927 3609 1012 3688 496.
1027 3620 1059 3669 et
1074 3607 1184 3668 docilis
1197 3613 1284 3664 rector

263 3707 459 3800 rrfimti(al.
477 3706 657 3798 morfiratt)
679 3709 780 3790 Briga
796 3709 936 3771 covinni.
964 3708 1034 3769 Vid.
1053 3710 1130 3790 post.
1164 3697 1281 3768 dChal·
1328 3697 1331 3712 '

263 3810 349 3870 deice
370 3829 449 3873 voce
465 3808 613 3892 Gosphan
635 3829 755 3873 nomen
778 3811 901 3872 derivat
926 3807 979 3871 suo
996 3829 1083 3872 more
1098 3807 1237 3870 Bochrrt.
1251 3801 1278 3858 iu

263 3909 412 3972 Chenurn
433 3933 461 3982 r,
480 3921 539 3994 49.
555 3912 609 3972 ulii
624 3913 721 3975 aliter.
757 3913 794 3974 V.
808 3912 971 3973 Pontannr
987 3911 1020 3969 in
1033 3911 1180 3972 Gloffario
1194 3897 1278 3987 prisco

263 4009 344 4072 Gall.
361 4010 392 4071 h.
409 4031 441 4072 v.
474 4013 615 4074 Scheffer
629 4015 669 4076 de
687 4034 719 4074 re
737 4013 909 4075 vehicularl
928 4027 959 4081 9,
981 4027 1039 4073 99.
1062 4032 1130 4095 pag.
1143 4021 1208 4083 975
1224 4001 1276 4082 sqq·

262 4109 308 4172 du
323 4109 432 4196 Gange
454 4115 487 4174 in
512 4113 654 4200 glossario
673 4117 795 4179 mediae
813 4115 915 4176 Latin.
931 4113 963 4176 h.
982 4133 1013 4176 v.
1039 4131 1118 4196 quor
1134 4109 1232 4174 nudat
1245 4097 1277 4162 ad
