<?xml version="1.0" encoding="UTF-8"?>
<!DOCTYPE html PUBLIC "-//W3C//DTD XHTML 1.0 Transitional//EN"
    "http://www.w3.org/TR/xhtml1/DTD/xhtml1-transitional.dtd">
<html xmlns="http://www.w3.org/1999/xhtml" xml:lang="en" lang="en">
 <head>
  <title>
</title>
<meta http-equiv="Content-Type" content="text/html;charset=utf-8" />
  <meta name='ocr-system' content='tesseract 3.04.00' />
  <meta name='ocr-capabilities' content='ocr_page ocr_carea ocr_par ocr_line ocrx_word'/>
</head>
<body>
  <div class='ocr_page' id='page_1' title='image "./pomponiimelaede03melagoog_0065.png"; bbox 0 0 2748 4888; ppageno 0'>
   <div class='ocr_carea' id='block_1_1' title="bbox 158 399 1066 514">
    <p class='ocr_par' dir='ltr' id='par_1_1' title="bbox 158 399 1066 514">
     <span class='ocr_line' id='line_1_1' title="bbox 158 399 1066 514; baseline 0.001 -24"><span class='ocrx_word' id='word_1_1' title='bbox 158 399 521 491; x_wconf 65' lang='lat' dir='ltr'>utronn&#39;ttc&#39;t„</span> <span class='ocrx_word' id='word_1_2' title='bbox 562 433 597 490; x_wconf 86' lang='grc' dir='ltr'>ι..</span> <span class='ocrx_word' id='word_1_3' title='bbox 620 435 675 492; x_wconf 86' lang='grc' dir='ltr'>ιιι.</span> <span class='ocrx_word' id='word_1_4' title='bbox 719 433 931 508; x_wconf 68' lang='lat' dir='ltr'>c.1t.‘t.4.</span> <span class='ocrx_word' id='word_1_5' title='bbox 1024 445 1066 514; x_wconf 57' lang='grc' dir='ltr'>ὅ,</span> 
     </span>
    </p>
   </div>
   <div class='ocr_carea' id='block_1_2' title="bbox 21 603 1068 1488">
    <p class='ocr_par' dir='ltr' id='par_1_2' title="bbox 21 603 1068 1488">
     <span class='ocr_line' id='line_1_2' title="bbox 37 603 1067 688; baseline 0 -18"><span class='ocrx_word' id='word_1_6' title='bbox 37 605 187 679; x_wconf 85' lang='lat' dir='ltr'>ticasnit,</span> <span class='ocrx_word' id='word_1_7' title='bbox 219 623 260 670; x_wconf 88' lang='lat' dir='ltr'>ut</span> <span class='ocrx_word' id='word_1_8' title='bbox 288 603 393 668; x_wconf 78' lang='lat' dir='ltr'><strong>scribit</strong></span> <span class='ocrx_word' id='word_1_9' title='bbox 419 606 560 676; x_wconf 86' lang='lat' dir='ltr'>Pliniue,</span> <span class='ocrx_word' id='word_1_10' title='bbox 592 605 709 668; x_wconf 77' lang='lat' dir='ltr'><strong>docent</strong></span> <span class='ocrx_word' id='word_1_11' title='bbox 733 605 897 688; x_wconf 84' lang='lat' dir='ltr'>utriuaque</span> <span class='ocrx_word' id='word_1_12' title='bbox 927 607 1006 670; x_wconf 84' lang='lat' dir='ltr'>fiuet</span> <span class='ocrx_word' id='word_1_13' title='bbox 1028 607 1067 678; x_wconf 83' lang='lat' dir='ltr'>ita</span> 
     </span>
     <span class='ocr_line' id='line_1_3' title="bbox 37 706 1065 790; baseline 0.001 -19"><span class='ocrx_word' id='word_1_14' title='bbox 37 710 130 772; x_wconf 85' lang='lat' dir='ltr'>Plinio</span> <span class='ocrx_word' id='word_1_15' title='bbox 149 718 187 772; x_wconf 83' lang='lat' dir='ltr'>et</span> <span class='ocrx_word' id='word_1_16' title='bbox 202 709 403 771; x_wconf 77' lang='lat' dir='ltr'><strong>Ptolemaeo.</strong></span> <span class='ocrx_word' id='word_1_17' title='bbox 442 709 543 772; x_wconf 74' lang='lat' dir='ltr'>turer</span> <span class='ocrx_word' id='word_1_18' title='bbox 563 707 676 770; x_wconf 88' lang='lat' dir='ltr'>Strabo</span> <span class='ocrx_word' id='word_1_19' title='bbox 694 717 728 786; x_wconf 74' lang='lat'>4.</span> <span class='ocrx_word' id='word_1_20' title='bbox 751 727 822 790; x_wconf 85' lang='lat' dir='ltr'>pag.</span> <span class='ocrx_word' id='word_1_21' title='bbox 843 706 960 772; x_wconf 68' lang='lat' dir='ltr'>acas.</span> <span class='ocrx_word' id='word_1_22' title='bbox 983 721 1065 788; x_wconf 75' lang='lat'><strong>173.</strong></span> 
     </span>
     <span class='ocr_line' id='line_1_4' title="bbox 34 805 1067 894; baseline 0.003 -24"><span class='ocrx_word' id='word_1_23' title='bbox 34 815 78 892; x_wconf 68' lang='lat' dir='ltr'>qui</span> <span class='ocrx_word' id='word_1_24' title='bbox 95 813 201 880; x_wconf 88' lang='lat' dir='ltr'>dicit,</span> <span class='ocrx_word' id='word_1_25' title='bbox 227 811 267 871; x_wconf 88' lang='lat' dir='ltr'>ab</span> <span class='ocrx_word' id='word_1_26' title='bbox 285 809 425 894; x_wconf 72' lang='lat' dir='ltr'>Augusto</span> <span class='ocrx_word' id='word_1_27' title='bbox 443 809 578 871; x_wconf 86' lang='lat' dir='ltr'>Galliam</span> <span class='ocrx_word' id='word_1_28' title='bbox 592 808 753 892; x_wconf 81' lang='lat' dir='ltr'>Belgicam</span> <span class='ocrx_word' id='word_1_29' title='bbox 770 807 903 870; x_wconf 82' lang='lat' dir='ltr'>divisam</span> <span class='ocrx_word' id='word_1_30' title='bbox 923 805 1013 873; x_wconf 83' lang='lat' dir='ltr'>fuisse</span> <span class='ocrx_word' id='word_1_31' title='bbox 1030 811 1067 873; x_wconf 80' lang='lat' dir='ltr'>in</span> 
     </span>
     <span class='ocr_line' id='line_1_5' title="bbox 28 909 1067 995; baseline 0.002 -23"><span class='ocrx_word' id='word_1_32' title='bbox 28 909 283 995; x_wconf 78' lang='lat' dir='ltr'>Lugdunensem</span> <span class='ocrx_word' id='word_1_33' title='bbox 307 923 340 973; x_wconf 93' lang='lat' dir='ltr'>et</span> <span class='ocrx_word' id='word_1_34' title='bbox 365 911 541 994; x_wconf 70' lang='lat' dir='ltr'>Belgicamr</span> <span class='ocrx_word' id='word_1_35' title='bbox 580 929 619 971; x_wconf 85' lang='lat' dir='ltr'>ex</span> <span class='ocrx_word' id='word_1_36' title='bbox 650 911 799 993; x_wconf 79' lang='lat' dir='ltr'>peculiari</span> <span class='ocrx_word' id='word_1_37' title='bbox 823 925 932 973; x_wconf 82' lang='lat' dir='ltr'>autem</span> <span class='ocrx_word' id='word_1_38' title='bbox 957 909 1067 974; x_wconf 87' lang='lat' dir='ltr'>descri-</span> 
     </span>
     <span class='ocr_line' id='line_1_6' title="bbox 24 1011 1068 1095; baseline 0.004 -22"><span class='ocrx_word' id='word_1_39' title='bbox 24 1015 150 1095; x_wconf 83' lang='lat' dir='ltr'>ptione,</span> <span class='ocrx_word' id='word_1_40' title='bbox 180 1014 214 1074; x_wconf 88' lang='lat' dir='ltr'>in</span> <span class='ocrx_word' id='word_1_41' title='bbox 231 1033 292 1094; x_wconf 85' lang='lat' dir='ltr'>qua</span> <span class='ocrx_word' id='word_1_42' title='bbox 303 1026 521 1074; x_wconf 77' lang='lat' dir='ltr'>memorantur</span> <span class='ocrx_word' id='word_1_43' title='bbox 536 1011 644 1074; x_wconf 90' lang='lat' dir='ltr'>Hedui</span> <span class='ocrx_word' id='word_1_44' title='bbox 658 1024 691 1073; x_wconf 95' lang='lat' dir='ltr'>et</span> <span class='ocrx_word' id='word_1_45' title='bbox 708 1011 852 1082; x_wconf 82' lang='lat' dir='ltr'>Lexobii,</span> <span class='ocrx_word' id='word_1_46' title='bbox 869 1013 1007 1094; x_wconf 84' lang='lat' dir='ltr'>adparet,</span> <span class='ocrx_word' id='word_1_47' title='bbox 1031 1033 1068 1077; x_wconf 88' lang='lat' dir='ltr'>re</span> 
     </span>
     <span class='ocr_line' id='line_1_7' title="bbox 22 1113 1067 1196; baseline 0.002 -21"><span class='ocrx_word' id='word_1_48' title='bbox 22 1113 87 1196; x_wconf 86' lang='lat' dir='ltr'>ipsa</span> <span class='ocrx_word' id='word_1_49' title='bbox 107 1134 190 1176; x_wconf 87' lang='lat' dir='ltr'>eum</span> <span class='ocrx_word' id='word_1_50' title='bbox 215 1113 255 1174; x_wconf 86' lang='lat' dir='ltr'>ab</span> <span class='ocrx_word' id='word_1_51' title='bbox 275 1115 344 1174; x_wconf 86' lang='lat' dir='ltr'>aliie</span> <span class='ocrx_word' id='word_1_52' title='bbox 363 1115 500 1174; x_wconf 88' lang='lat' dir='ltr'>minime</span> <span class='ocrx_word' id='word_1_53' title='bbox 521 1113 708 1195; x_wconf 81' lang='lat' dir='ltr'>diecrepare.</span> <span class='ocrx_word' id='word_1_54' title='bbox 768 1113 814 1174; x_wconf 87' lang='lat' dir='ltr'>lta</span> <span class='ocrx_word' id='word_1_55' title='bbox 838 1132 916 1176; x_wconf 85' lang='lat' dir='ltr'>vero</span> <span class='ocrx_word' id='word_1_56' title='bbox 938 1133 1003 1176; x_wconf 89' lang='lat' dir='ltr'>uon</span> <span class='ocrx_word' id='word_1_57' title='bbox 1026 1133 1067 1177; x_wconf 76' lang='lat' dir='ltr'>ex</span> 
     </span>
     <span class='ocr_line' id='line_1_8' title="bbox 22 1211 1068 1299; baseline 0.001 -24"><span class='ocrx_word' id='word_1_58' title='bbox 22 1229 135 1277; x_wconf 76' lang='lat' dir='ltr'>vetere</span> <span class='ocrx_word' id='word_1_59' title='bbox 153 1214 284 1299; x_wconf 77' lang='lat' dir='ltr'>Belgica</span> <span class='ocrx_word' id='word_1_60' title='bbox 305 1233 361 1296; x_wconf 86' lang='lat' dir='ltr'>per</span> <span class='ocrx_word' id='word_1_61' title='bbox 381 1213 572 1276; x_wconf 82' lang='lat' dir='ltr'>divisionem</span> <span class='ocrx_word' id='word_1_62' title='bbox 587 1211 664 1274; x_wconf 88' lang='lat' dir='ltr'>sacta</span> <span class='ocrx_word' id='word_1_63' title='bbox 686 1211 729 1276; x_wconf 84' lang='lat' dir='ltr'>etl</span> <span class='ocrx_word' id='word_1_64' title='bbox 747 1213 980 1298; x_wconf 83' lang='lat' dir='ltr'>Lugdttuenlit,</span> <span class='ocrx_word' id='word_1_65' title='bbox 1014 1213 1068 1279; x_wconf 83' lang='lat' dir='ltr'>sed</span> 
     </span>
     <span class='ocr_line' id='line_1_9' title="bbox 21 1312 1068 1400; baseline 0.005 -23"><span class='ocrx_word' id='word_1_66' title='bbox 21 1315 87 1378; x_wconf 85' lang='lat' dir='ltr'>ltoc</span> <span class='ocrx_word' id='word_1_67' title='bbox 108 1335 237 1378; x_wconf 87' lang='lat' dir='ltr'>nomeu</span> <span class='ocrx_word' id='word_1_68' title='bbox 257 1317 292 1376; x_wconf 89' lang='lat' dir='ltr'>iu</span> <span class='ocrx_word' id='word_1_69' title='bbox 312 1318 398 1397; x_wconf 82' lang='lat' dir='ltr'>priua</span> <span class='ocrx_word' id='word_1_70' title='bbox 423 1312 574 1377; x_wconf 81' lang='lat' dir='ltr'>successit.</span> <span class='ocrx_word' id='word_1_71' title='bbox 616 1315 734 1396; x_wconf 81' lang='lat' dir='ltr'>Populi</span> <span class='ocrx_word' id='word_1_72' title='bbox 750 1328 781 1376; x_wconf 90' lang='lat' dir='ltr'>et</span> <span class='ocrx_word' id='word_1_73' title='bbox 802 1315 895 1378; x_wconf 88' lang='lat' dir='ltr'>urbet</span> <span class='ocrx_word' id='word_1_74' title='bbox 912 1317 1068 1400; x_wconf 78' lang='lat' dir='ltr'>prolixiu·</span> 
     </span>
     <span class='ocr_line' id='line_1_10' title="bbox 21 1415 844 1488; baseline 0 -8"><span class='ocrx_word' id='word_1_75' title='bbox 21 1415 234 1480; x_wconf 78' lang='lat' dir='ltr'>recensentur</span> <span class='ocrx_word' id='word_1_76' title='bbox 251 1417 452 1488; x_wconf 80' lang='lat' dir='ltr'>astraboue,</span> <span class='ocrx_word' id='word_1_77' title='bbox 477 1415 585 1480; x_wconf 86' lang='lat' dir='ltr'>Plinio</span> <span class='ocrx_word' id='word_1_78' title='bbox 601 1430 635 1478; x_wconf 92' lang='lat' dir='ltr'>et</span> <span class='ocrx_word' id='word_1_79' title='bbox 650 1416 844 1480; x_wconf 85' lang='lat' dir='ltr'>Ptolemaeo.</span> 
     </span>
    </p>
   </div>
   <div class='ocr_carea' id='block_1_3' title="bbox 22 1611 1183 4235">
    <p class='ocr_par' dir='ltr' id='par_1_3' title="bbox 22 1611 1183 4235">
     <span class='ocr_line' id='line_1_11' title="bbox 98 1611 1069 1700; baseline 0.002 -20"><span class='ocrx_word' id='word_1_80' title='bbox 98 1617 291 1700; x_wconf 82' lang='lat' dir='ltr'><strong><em>Belgae)</em></strong></span> <span class='ocrx_word' id='word_1_81' title='bbox 341 1619 396 1680; x_wconf 90' lang='lat' dir='ltr'>Gr.</span> <span class='ocrx_word' id='word_1_82' title='bbox 421 1620 517 1680; x_wconf 86' lang='lat' dir='ltr'>etlam</span> <span class='ocrx_word' id='word_1_83' title='bbox 541 1611 682 1700; x_wconf 80' lang='grc' dir='ltr'><strong>Βὲλγαι,</strong></span> <span class='ocrx_word' id='word_1_84' title='bbox 715 1632 753 1680; x_wconf 90' lang='lat' dir='ltr'>ut</span> <span class='ocrx_word' id='word_1_85' title='bbox 774 1619 856 1700; x_wconf 87' lang='lat' dir='ltr'>apud</span> <span class='ocrx_word' id='word_1_86' title='bbox 878 1616 1069 1682; x_wconf 85' lang='lat' dir='ltr'>Strabonem</span> 
     </span>
     <span class='ocr_line' id='line_1_12' title="bbox 22 1715 1069 1804; baseline 0.002 -24"><span class='ocrx_word' id='word_1_87' title='bbox 22 1717 78 1781; x_wconf 81' lang='lat' dir='ltr'>lib.</span> <span class='ocrx_word' id='word_1_88' title='bbox 95 1731 133 1799; x_wconf 75' lang='grc'><strong>4.</strong></span> <span class='ocrx_word' id='word_1_89' title='bbox 153 1715 281 1802; x_wconf 84' lang='lat' dir='ltr'>paffim.</span> <span class='ocrx_word' id='word_1_90' title='bbox 321 1721 401 1782; x_wconf 85' lang='lat' dir='ltr'>lude</span> <span class='ocrx_word' id='word_1_91' title='bbox 419 1716 678 1801; x_wconf 65' lang='lat' dir='ltr'>ttrlnnpalevie</span> <span class='ocrx_word' id='word_1_92' title='bbox 696 1715 838 1804; x_wconf 75' lang='grc' dir='ltr'>Βελγικὴ</span> <span class='ocrx_word' id='word_1_93' title='bbox 860 1721 942 1802; x_wconf 87' lang='lat' dir='ltr'>apud</span> <span class='ocrx_word' id='word_1_94' title='bbox 964 1721 1069 1782; x_wconf 92' lang='lat' dir='ltr'>Ptole·</span> 
     </span>
     <span class='ocr_line' id='line_1_13' title="bbox 24 1816 1071 1906; baseline 0.001 -26"><span class='ocrx_word' id='word_1_95' title='bbox 24 1840 158 1882; x_wconf 78' lang='lat' dir='ltr'>meeum</span> <span class='ocrx_word' id='word_1_96' title='bbox 177 1837 210 1889; x_wconf 68' lang='grc' dir='ltr'>Ω,</span> <span class='ocrx_word' id='word_1_97' title='bbox 228 1839 263 1900; x_wconf 88' lang='grc'>9.</span> <span class='ocrx_word' id='word_1_98' title='bbox 285 1833 318 1882; x_wconf 94' lang='lat' dir='ltr'>et</span> <span class='ocrx_word' id='word_1_99' title='bbox 332 1821 512 1902; x_wconf 84' lang='lat' dir='ltr'>limpllciter</span> <span class='ocrx_word' id='word_1_100' title='bbox 526 1816 671 1906; x_wconf 65' lang='lat' dir='ltr'>Brlpml,</span> <span class='ocrx_word' id='word_1_101' title='bbox 686 1823 768 1903; x_wconf 87' lang='lat' dir='ltr'>apud</span> <span class='ocrx_word' id='word_1_102' title='bbox 785 1818 995 1903; x_wconf 83' lang='lat' dir='ltr'>Stephanum,</span> <span class='ocrx_word' id='word_1_103' title='bbox 1013 1822 1071 1903; x_wconf 90' lang='lat' dir='ltr'>qui</span> 
     </span>
     <span class='ocr_line' id='line_1_14' title="bbox 26 1915 1070 2010; baseline 0.003 -29"><span class='ocrx_word' id='word_1_104' title='bbox 26 1925 125 1982; x_wconf 85' lang='lat' dir='ltr'>etiam</span> <span class='ocrx_word' id='word_1_105' title='bbox 151 1924 245 1983; x_wconf 86' lang='lat' dir='ltr'>addit</span> <span class='ocrx_word' id='word_1_106' title='bbox 267 1918 407 2004; x_wconf 77' lang='grc' dir='ltr'><em>Βελγεία</em></span> <span class='ocrx_word' id='word_1_107' title='bbox 434 1921 473 1985; x_wconf 86' lang='lat' dir='ltr'>sc.</span> <span class='ocrx_word' id='word_1_108' title='bbox 493 1915 603 2008; x_wconf 75' lang='grc' dir='ltr'><strong>χώρα.</strong></span> <span class='ocrx_word' id='word_1_109' title='bbox 648 1922 738 1984; x_wconf 82' lang='lat' dir='ltr'>Idem</span> <span class='ocrx_word' id='word_1_110' title='bbox 764 1943 782 1985; x_wconf 87' lang='grc' dir='ltr'><strong>ι</strong></span> <span class='ocrx_word' id='word_1_111' title='bbox 806 1917 914 2010; x_wconf 67' lang='grc' dir='ltr'>Βέλγη</span> <span class='ocrx_word' id='word_1_112' title='bbox 935 1923 1070 1992; x_wconf 73' lang='lat' dir='ltr'>derivat,</span> 
     </span>
     <span class='ocr_line' id='line_1_15' title="bbox 25 2018 1069 2108; baseline 0.004 -28"><span class='ocrx_word' id='word_1_113' title='bbox 25 2037 59 2082; x_wconf 87' lang='lat' dir='ltr'>nt</span> <span class='ocrx_word' id='word_1_114' title='bbox 74 2018 217 2108; x_wconf 64' lang='lat' dir='ltr'>&#39;Arrtnlp</span> <span class='ocrx_word' id='word_1_115' title='bbox 235 2024 354 2084; x_wconf 87' lang='lat' dir='ltr'>dicatur</span> <span class='ocrx_word' id='word_1_116' title='bbox 368 2025 406 2082; x_wconf 85' lang='lat' dir='ltr'>ab</span> <span class='ocrx_word' id='word_1_117' title='bbox 420 2019 537 2108; x_wconf 68' lang='lat' dir='ltr'>&#39;Auriy;</span> <span class='ocrx_word' id='word_1_118' title='bbox 567 2021 684 2084; x_wconf 86' lang='lat' dir='ltr'>Martio</span> <span class='ocrx_word' id='word_1_119' title='bbox 700 2046 731 2107; x_wconf 87' lang='lat' dir='ltr'>p.</span> <span class='ocrx_word' id='word_1_120' title='bbox 745 2039 824 2102; x_wconf 75' lang='lat'>232.</span> <span class='ocrx_word' id='word_1_121' title='bbox 839 2044 865 2086; x_wconf 88' lang='lat' dir='ltr'>c.</span> <span class='ocrx_word' id='word_1_122' title='bbox 879 2023 900 2086; x_wconf 93' lang='lat' dir='ltr'>l.</span> <span class='ocrx_word' id='word_1_123' title='bbox 917 2043 932 2084; x_wconf 90' lang='lat' dir='ltr'>a</span> <span class='ocrx_word' id='word_1_124' title='bbox 946 2023 1069 2104; x_wconf 72' lang='lat' dir='ltr'>Belgio,</span> 
     </span>
     <span class='ocr_line' id='line_1_16' title="bbox 27 2123 1070 2208; baseline 0 -22"><span class='ocrx_word' id='word_1_125' title='bbox 27 2137 129 2186; x_wconf 81' lang='lat' dir='ltr'>tractu</span> <span class='ocrx_word' id='word_1_126' title='bbox 152 2127 273 2208; x_wconf 66' lang='lat' dir='ltr'>exigno</span> <span class='ocrx_word' id='word_1_127' title='bbox 295 2123 456 2208; x_wconf 84' lang='lat' dir='ltr'>Belgicae,</span> <span class='ocrx_word' id='word_1_128' title='bbox 487 2145 584 2205; x_wconf 81' lang='lat' dir='ltr'>quent</span> <span class='ocrx_word' id='word_1_129' title='bbox 606 2125 702 2206; x_wconf 88' lang='lat' dir='ltr'>aliqui</span> <span class='ocrx_word' id='word_1_130' title='bbox 726 2126 813 2188; x_wconf 76' lang='lat' dir='ltr'>urbis</span> <span class='ocrx_word' id='word_1_131' title='bbox 837 2145 956 2186; x_wconf 88' lang='lat' dir='ltr'>nomeu</span> <span class='ocrx_word' id='word_1_132' title='bbox 981 2139 1070 2206; x_wconf 87' lang='lat' dir='ltr'>puta·</span> 
     </span>
     <span class='ocr_line' id='line_1_17' title="bbox 27 2223 1070 2308; baseline 0.004 -24"><span class='ocrx_word' id='word_1_133' title='bbox 27 2240 147 2287; x_wconf 82' lang='lat' dir='ltr'>verunt</span> <span class='ocrx_word' id='word_1_134' title='bbox 178 2223 214 2286; x_wconf 86' lang='lat' dir='ltr'>in</span> <span class='ocrx_word' id='word_1_135' title='bbox 241 2223 386 2294; x_wconf 88' lang='lat' dir='ltr'>Caesare,</span> <span class='ocrx_word' id='word_1_136' title='bbox 421 2243 500 2306; x_wconf 81' lang='lat' dir='ltr'>quoe</span> <span class='ocrx_word' id='word_1_137' title='bbox 524 2223 594 2289; x_wconf 82' lang='lat' dir='ltr'>satie</span> <span class='ocrx_word' id='word_1_138' title='bbox 617 2225 771 2289; x_wconf 80' lang='lat' dir='ltr'>resutcvit</span> <span class='ocrx_word' id='word_1_139' title='bbox 795 2225 1005 2308; x_wconf 84' lang='lat' dir='ltr'>Oudendorp.</span> <span class='ocrx_word' id='word_1_140' title='bbox 1029 2227 1070 2288; x_wconf 83' lang='lat' dir='ltr'>etl</span> 
     </span>
     <span class='ocr_line' id='line_1_18' title="bbox 27 2325 1068 2408; baseline -0.001 -18"><span class='ocrx_word' id='word_1_141' title='bbox 27 2340 58 2403; x_wconf 81' lang='lat'>5.</span> <span class='ocrx_word' id='word_1_142' title='bbox 81 2336 146 2408; x_wconf 70' lang='lat'>24.</span> <span class='ocrx_word' id='word_1_143' title='bbox 173 2327 215 2388; x_wconf 89' lang='lat' dir='ltr'>de</span> <span class='ocrx_word' id='word_1_144' title='bbox 236 2325 274 2388; x_wconf 86' lang='lat' dir='ltr'>B.</span> <span class='ocrx_word' id='word_1_145' title='bbox 294 2325 334 2388; x_wconf 87' lang='lat' dir='ltr'>G.</span> <span class='ocrx_word' id='word_1_146' title='bbox 372 2328 421 2387; x_wconf 88' lang='lat' dir='ltr'>De</span> <span class='ocrx_word' id='word_1_147' title='bbox 439 2327 496 2388; x_wconf 85' lang='lat' dir='ltr'>situ</span> <span class='ocrx_word' id='word_1_148' title='bbox 516 2327 654 2408; x_wconf 76' lang='lat' dir='ltr'>disputat</span> <span class='ocrx_word' id='word_1_149' title='bbox 669 2328 829 2389; x_wconf 80' lang='lat' dir='ltr'>d&#39;dnville</span> <span class='ocrx_word' id='word_1_150' title='bbox 848 2329 882 2388; x_wconf 92' lang='lat' dir='ltr'>iu</span> <span class='ocrx_word' id='word_1_151' title='bbox 899 2329 1005 2389; x_wconf 88' lang='lat' dir='ltr'>notice</span> <span class='ocrx_word' id='word_1_152' title='bbox 1027 2329 1068 2390; x_wconf 88' lang='lat' dir='ltr'>de</span> 
     </span>
     <span class='ocr_line' id='line_1_19' title="bbox 26 2427 1069 2510; baseline 0.005 -24"><span class='ocrx_word' id='word_1_153' title='bbox 26 2427 52 2488; x_wconf 90' lang='lat' dir='ltr'>la</span> <span class='ocrx_word' id='word_1_154' title='bbox 69 2429 178 2489; x_wconf 86' lang='lat' dir='ltr'>Gaule</span> <span class='ocrx_word' id='word_1_155' title='bbox 192 2448 224 2510; x_wconf 90' lang='lat' dir='ltr'>p.</span> <span class='ocrx_word' id='word_1_156' title='bbox 248 2437 327 2506; x_wconf 67' lang='lat'><strong>147.</strong></span> <span class='ocrx_word' id='word_1_157' title='bbox 350 2441 382 2489; x_wconf 89' lang='lat' dir='ltr'>et</span> <span class='ocrx_word' id='word_1_158' title='bbox 399 2430 507 2508; x_wconf 91' lang='lat' dir='ltr'>ponit,</span> <span class='ocrx_word' id='word_1_159' title='bbox 533 2428 591 2488; x_wconf 90' lang='lat' dir='ltr'>ubi</span> <span class='ocrx_word' id='word_1_160' title='bbox 606 2429 685 2491; x_wconf 87' lang='lat' dir='ltr'>olim</span> <span class='ocrx_word' id='word_1_161' title='bbox 704 2427 832 2490; x_wconf 84' lang='lat' dir='ltr'>suerunt</span> <span class='ocrx_word' id='word_1_162' title='bbox 848 2428 1013 2490; x_wconf 86' lang='lat' dir='ltr'>Bellovaci</span> <span class='ocrx_word' id='word_1_163' title='bbox 1034 2429 1069 2491; x_wconf 86' lang='lat' dir='ltr'>in</span> 
     </span>
     <span class='ocr_line' id='line_1_20' title="bbox 27 2525 1068 2610; baseline 0.002 -20"><span class='ocrx_word' id='word_1_164' title='bbox 27 2529 198 2594; x_wconf 81' lang='lat' dir='ltr'>Picatdiae</span> <span class='ocrx_word' id='word_1_165' title='bbox 212 2527 341 2590; x_wconf 82' lang='lat' dir='ltr'>suribue.</span> <span class='ocrx_word' id='word_1_166' title='bbox 376 2525 427 2590; x_wconf 89' lang='lat' dir='ltr'>Cs.</span> <span class='ocrx_word' id='word_1_167' title='bbox 443 2532 538 2590; x_wconf 85' lang='lat' dir='ltr'>etiam</span> <span class='ocrx_word' id='word_1_168' title='bbox 556 2529 724 2592; x_wconf 72' lang='lat' dir='ltr'>Cluverius</span> <span class='ocrx_word' id='word_1_169' title='bbox 737 2543 770 2591; x_wconf 92' lang='lat' dir='ltr'>et</span> <span class='ocrx_word' id='word_1_170' title='bbox 783 2529 991 2610; x_wconf 87' lang='lat' dir='ltr'>Oudendorp.</span> <span class='ocrx_word' id='word_1_171' title='bbox 1006 2549 1034 2592; x_wconf 93' lang='lat' dir='ltr'>c.</span> <span class='ocrx_word' id='word_1_172' title='bbox 1047 2529 1068 2593; x_wconf 88' lang='grc' dir='ltr'><strong>Ι.</strong></span> 
     </span>
     <span class='ocr_line' id='line_1_21' title="bbox 28 2627 1068 2708; baseline 0.006 -18"><span class='ocrx_word' id='word_1_173' title='bbox 28 2630 134 2690; x_wconf 79' lang='lat' dir='ltr'>Multa</span> <span class='ocrx_word' id='word_1_174' title='bbox 151 2648 234 2691; x_wconf 86' lang='lat' dir='ltr'>vero</span> <span class='ocrx_word' id='word_1_175' title='bbox 253 2629 293 2690; x_wconf 85' lang='lat' dir='ltr'>de</span> <span class='ocrx_word' id='word_1_176' title='bbox 311 2643 421 2708; x_wconf 82' lang='lat' dir='ltr'>etymo</span> <span class='ocrx_word' id='word_1_177' title='bbox 445 2627 587 2691; x_wconf 76' lang='lat' dir='ltr'>nominis</span> <span class='ocrx_word' id='word_1_178' title='bbox 610 2630 882 2694; x_wconf 70' lang='lat' dir='ltr'>dabir-cluverius</span> <span class='ocrx_word' id='word_1_179' title='bbox 902 2631 935 2691; x_wconf 89' lang='lat' dir='ltr'>iu</span> <span class='ocrx_word' id='word_1_180' title='bbox 957 2630 1068 2696; x_wconf 82' lang='lat' dir='ltr'>Germ.</span> 
     </span>
     <span class='ocr_line' id='line_1_22' title="bbox 29 2729 1070 2816; baseline 0 -24"><span class='ocrx_word' id='word_1_181' title='bbox 29 2749 92 2793; x_wconf 87' lang='lat' dir='ltr'>tut.</span> <span class='ocrx_word' id='word_1_182' title='bbox 113 2749 147 2800; x_wconf 78' lang='lat'>2,</span> <span class='ocrx_word' id='word_1_183' title='bbox 170 2745 206 2806; x_wconf 83' lang='lat'>3.</span> <span class='ocrx_word' id='word_1_184' title='bbox 226 2749 257 2812; x_wconf 91' lang='lat' dir='ltr'>p.</span> <span class='ocrx_word' id='word_1_185' title='bbox 276 2741 359 2808; x_wconf 76' lang='lat'><strong>342.</strong></span> <span class='ocrx_word' id='word_1_186' title='bbox 384 2729 494 2792; x_wconf 87' lang='lat' dir='ltr'>Noller</span> <span class='ocrx_word' id='word_1_187' title='bbox 511 2731 670 2816; x_wconf 76' lang='lat' dir='ltr'>Belgicam</span> <span class='ocrx_word' id='word_1_188' title='bbox 685 2734 724 2794; x_wconf 86' lang='lat' dir='ltr'>ad</span> <span class='ocrx_word' id='word_1_189' title='bbox 739 2733 893 2794; x_wconf 80' lang='lat' dir='ltr'>Rhenum</span> <span class='ocrx_word' id='word_1_190' title='bbox 914 2731 1070 2802; x_wconf 85' lang='lat' dir='ltr'>extendit,</span> 
     </span>
     <span class='ocr_line' id='line_1_23' title="bbox 29 2829 1069 2915; baseline 0.004 -22"><span class='ocrx_word' id='word_1_191' title='bbox 29 2833 155 2894; x_wconf 82' lang='lat' dir='ltr'>Plinius</span> <span class='ocrx_word' id='word_1_192' title='bbox 171 2843 208 2908; x_wconf 78' lang='lat'>4,</span> <span class='ocrx_word' id='word_1_193' title='bbox 231 2845 289 2909; x_wconf 77' lang='lat'>51.</span> <span class='ocrx_word' id='word_1_194' title='bbox 307 2829 328 2892; x_wconf 94' lang='lat' dir='ltr'>s.</span> <span class='ocrx_word' id='word_1_195' title='bbox 350 2845 403 2904; x_wconf 83' lang='lat'>17.</span> <span class='ocrx_word' id='word_1_196' title='bbox 428 2833 464 2892; x_wconf 86' lang='lat' dir='ltr'>ad</span> <span class='ocrx_word' id='word_1_197' title='bbox 486 2833 629 2903; x_wconf 77' lang='lat' dir='ltr'>scaldio,</span> <span class='ocrx_word' id='word_1_198' title='bbox 656 2851 734 2914; x_wconf 86' lang='lat' dir='ltr'>quae</span> <span class='ocrx_word' id='word_1_199' title='bbox 750 2853 861 2915; x_wconf 85' lang='lat' dir='ltr'>parum</span> <span class='ocrx_word' id='word_1_200' title='bbox 881 2832 1069 2914; x_wconf 71' lang='lat' dir='ltr'>discrepant.</span> 
     </span>
     <span class='ocr_line' id='line_1_24' title="bbox 30 2931 1070 3018; baseline 0.001 -23"><span class='ocrx_word' id='word_1_201' title='bbox 30 2936 143 2996; x_wconf 84' lang='lat' dir='ltr'>Strabo</span> <span class='ocrx_word' id='word_1_202' title='bbox 162 2945 200 3012; x_wconf 82' lang='lat'>4.</span> <span class='ocrx_word' id='word_1_203' title='bbox 222 2951 292 3015; x_wconf 86' lang='lat' dir='ltr'>pag.</span> <span class='ocrx_word' id='word_1_204' title='bbox 313 2943 389 3008; x_wconf 80' lang='lat'>135.</span> <span class='ocrx_word' id='word_1_205' title='bbox 411 2931 432 2994; x_wconf 93' lang='lat' dir='ltr'>s.</span> <span class='ocrx_word' id='word_1_206' title='bbox 455 2934 532 3011; x_wconf 79' lang='lat'><strong>196.</strong></span> <span class='ocrx_word' id='word_1_207' title='bbox 557 2933 720 2996; x_wconf 89' lang='lat' dir='ltr'>concludit</span> <span class='ocrx_word' id='word_1_208' title='bbox 741 2935 877 3006; x_wconf 78' lang='lat' dir='ltr'>Rheno,</span> <span class='ocrx_word' id='word_1_209' title='bbox 910 2933 1015 3018; x_wconf 85' lang='lat' dir='ltr'>Ligeri</span> <span class='ocrx_word' id='word_1_210' title='bbox 1036 2945 1070 2996; x_wconf 88' lang='lat' dir='ltr'>et</span> 
     </span>
     <span class='ocr_line' id='line_1_25' title="bbox 31 3030 1069 3118; baseline 0.002 -22"><span class='ocrx_word' id='word_1_211' title='bbox 31 3036 186 3104; x_wconf 78' lang='lat' dir='ltr'>Oceano,</span> <span class='ocrx_word' id='word_1_212' title='bbox 220 3030 294 3094; x_wconf 87' lang='lat' dir='ltr'>salso</span> <span class='ocrx_word' id='word_1_213' title='bbox 316 3035 444 3114; x_wconf 83' lang='lat' dir='ltr'>quidem</span> <span class='ocrx_word' id='word_1_214' title='bbox 463 3035 585 3118; x_wconf 89' lang='lat' dir='ltr'>Ligeri,</span> <span class='ocrx_word' id='word_1_215' title='bbox 619 3048 657 3096; x_wconf 90' lang='lat' dir='ltr'>ut</span> <span class='ocrx_word' id='word_1_216' title='bbox 679 3036 773 3098; x_wconf 87' lang='lat' dir='ltr'>docet</span> <span class='ocrx_word' id='word_1_217' title='bbox 791 3034 926 3098; x_wconf 73' lang='lat' dir='ltr'>valetne</span> <span class='ocrx_word' id='word_1_218' title='bbox 945 3037 979 3095; x_wconf 90' lang='lat' dir='ltr'>in</span> <span class='ocrx_word' id='word_1_219' title='bbox 1000 3049 1069 3098; x_wconf 89' lang='lat' dir='ltr'>not.</span> 
     </span>
     <span class='ocr_line' id='line_1_26' title="bbox 32 3133 1071 3218; baseline 0.001 -22"><span class='ocrx_word' id='word_1_220' title='bbox 32 3136 113 3199; x_wconf 84' lang='lat' dir='ltr'>Gall.</span> <span class='ocrx_word' id='word_1_221' title='bbox 135 3155 212 3218; x_wconf 88' lang='lat' dir='ltr'>pag.</span> <span class='ocrx_word' id='word_1_222' title='bbox 228 3145 285 3210; x_wconf 83' lang='lat'>78.</span> <span class='ocrx_word' id='word_1_223' title='bbox 307 3153 346 3196; x_wconf 88' lang='lat' dir='ltr'>ex</span> <span class='ocrx_word' id='word_1_224' title='bbox 367 3135 449 3196; x_wconf 91' lang='lat' dir='ltr'>lulio</span> <span class='ocrx_word' id='word_1_225' title='bbox 472 3134 559 3198; x_wconf 84' lang='lat' dir='ltr'>Caes.</span> <span class='ocrx_word' id='word_1_226' title='bbox 585 3137 624 3198; x_wconf 82' lang='lat' dir='ltr'>tle</span> <span class='ocrx_word' id='word_1_227' title='bbox 646 3136 685 3200; x_wconf 82' lang='lat' dir='ltr'>ll.</span> <span class='ocrx_word' id='word_1_228' title='bbox 702 3136 742 3200; x_wconf 86' lang='lat' dir='ltr'>G.</span> <span class='ocrx_word' id='word_1_229' title='bbox 763 3160 791 3208; x_wconf 88' lang='lat' dir='ltr'>t,</span> <span class='ocrx_word' id='word_1_230' title='bbox 819 3158 848 3200; x_wconf 89' lang='grc' dir='ltr'>ι.</span> <span class='ocrx_word' id='word_1_231' title='bbox 880 3137 935 3218; x_wconf 87' lang='lat' dir='ltr'>qui</span> <span class='ocrx_word' id='word_1_232' title='bbox 957 3133 1071 3196; x_wconf 81' lang='lat' dir='ltr'>diserte</span> 
     </span>
     <span class='ocr_line' id='line_1_27' title="bbox 30 3233 1071 3322; baseline -0.002 -24"><span class='ocrx_word' id='word_1_233' title='bbox 30 3237 144 3322; x_wconf 81' lang='lat' dir='ltr'>Belgae</span> <span class='ocrx_word' id='word_1_234' title='bbox 166 3233 334 3298; x_wconf 82' lang='lat' dir='ltr'>aCeltiel</span> <span class='ocrx_word' id='word_1_235' title='bbox 353 3236 451 3297; x_wconf 83' lang='lat' dir='ltr'>Gallis</span> <span class='ocrx_word' id='word_1_236' title='bbox 467 3237 611 3300; x_wconf 86' lang='lat' dir='ltr'>Matrona</span> <span class='ocrx_word' id='word_1_237' title='bbox 632 3249 665 3300; x_wconf 90' lang='lat' dir='ltr'>et</span> <span class='ocrx_word' id='word_1_238' title='bbox 679 3240 821 3320; x_wconf 86' lang='lat' dir='ltr'>Sequana</span> <span class='ocrx_word' id='word_1_239' title='bbox 837 3237 937 3299; x_wconf 82' lang='lat' dir='ltr'>dividi</span> <span class='ocrx_word' id='word_1_240' title='bbox 952 3239 1011 3306; x_wconf 84' lang='lat' dir='ltr'>ait,</span> <span class='ocrx_word' id='word_1_241' title='bbox 1038 3249 1071 3299; x_wconf 89' lang='lat' dir='ltr'>et</span> 
     </span>
     <span class='ocr_line' id='line_1_28' title="bbox 31 3333 1072 3420; baseline -0.001 -22"><span class='ocrx_word' id='word_1_242' title='bbox 31 3341 118 3420; x_wconf 87' lang='lat' dir='ltr'>quod</span> <span class='ocrx_word' id='word_1_243' title='bbox 147 3336 263 3400; x_wconf 90' lang='lat' dir='ltr'>Celtae</span> <span class='ocrx_word' id='word_1_244' title='bbox 289 3333 310 3398; x_wconf 92' lang='lat' dir='ltr'>s.</span> <span class='ocrx_word' id='word_1_245' title='bbox 335 3337 415 3398; x_wconf 84' lang='lat' dir='ltr'>Galli</span> <span class='ocrx_word' id='word_1_246' title='bbox 441 3339 567 3420; x_wconf 88' lang='lat' dir='ltr'>proprie</span> <span class='ocrx_word' id='word_1_247' title='bbox 592 3339 668 3400; x_wconf 89' lang='lat' dir='ltr'>dicti</span> <span class='ocrx_word' id='word_1_248' title='bbox 695 3359 761 3402; x_wconf 90' lang='lat' dir='ltr'>non</span> <span class='ocrx_word' id='word_1_249' title='bbox 787 3337 980 3407; x_wconf 76' lang='lat' dir='ltr'>habuissent,</span> <span class='ocrx_word' id='word_1_250' title='bbox 1012 3337 1072 3398; x_wconf 87' lang='lat' dir='ltr'>ubl</span> 
     </span>
     <span class='ocr_line' id='line_1_29' title="bbox 32 3439 1072 3524; baseline -0.002 -22"><span class='ocrx_word' id='word_1_251' title='bbox 32 3439 256 3512; x_wconf 88' lang='lat' dir='ltr'>conlislereut,</span> <span class='ocrx_word' id='word_1_252' title='bbox 291 3457 364 3499; x_wconf 91' lang='lat' dir='ltr'>cum</span> <span class='ocrx_word' id='word_1_253' title='bbox 380 3439 555 3520; x_wconf 78' lang='lat' dir='ltr'>Aquitanos</span> <span class='ocrx_word' id='word_1_254' title='bbox 578 3439 733 3524; x_wconf 77' lang='lat' dir='ltr'>Augustus</span> <span class='ocrx_word' id='word_1_255' title='bbox 754 3439 865 3504; x_wconf 84' lang='lat' dir='ltr'>Caesar</span> <span class='ocrx_word' id='word_1_256' title='bbox 886 3441 992 3524; x_wconf 80' lang='lat' dir='ltr'>Ligeri</span> <span class='ocrx_word' id='word_1_257' title='bbox 1014 3439 1072 3500; x_wconf 85' lang='lat' dir='ltr'>flo-</span> 
     </span>
     <span class='ocr_line' id='line_1_30' title="bbox 32 3529 1183 3624; baseline -0.002 -21"><span class='ocrx_word' id='word_1_258' title='bbox 32 3543 123 3604; x_wconf 87' lang='lat' dir='ltr'>mine</span> <span class='ocrx_word' id='word_1_259' title='bbox 152 3539 383 3603; x_wconf 87' lang='lat' dir='ltr'>terminaverit.</span> <span class='ocrx_word' id='word_1_260' title='bbox 434 3541 482 3602; x_wconf 85' lang='lat' dir='ltr'>Ex</span> <span class='ocrx_word' id='word_1_261' title='bbox 510 3542 591 3604; x_wconf 88' lang='lat' dir='ltr'>lulio</span> <span class='ocrx_word' id='word_1_262' title='bbox 617 3539 744 3605; x_wconf 82' lang='lat' dir='ltr'>Caesare</span> <span class='ocrx_word' id='word_1_263' title='bbox 764 3559 795 3613; x_wconf 84' lang='lat'>1,</span> <span class='ocrx_word' id='word_1_264' title='bbox 818 3557 849 3603; x_wconf 91' lang='lat'>1.</span> <span class='ocrx_word' id='word_1_265' title='bbox 871 3540 1070 3624; x_wconf 82' lang='lat' dir='ltr'>intelligitur,</span> <span class='ocrx_word' id='word_1_266' title='bbox 1176 3529 1183 3554; x_wconf 70' lang='lat'>⁸</span> 
     </span>
     <span class='ocr_line' id='line_1_31' title="bbox 34 3640 1070 3726; baseline -0.001 -24"><span class='ocrx_word' id='word_1_267' title='bbox 34 3641 238 3721; x_wconf 84' lang='lat' dir='ltr'>complexam</span> <span class='ocrx_word' id='word_1_268' title='bbox 255 3643 351 3702; x_wconf 85' lang='lat' dir='ltr'>etiam</span> <span class='ocrx_word' id='word_1_269' title='bbox 374 3640 433 3704; x_wconf 89' lang='lat' dir='ltr'>else</span> <span class='ocrx_word' id='word_1_270' title='bbox 447 3641 646 3715; x_wconf 85' lang='lat' dir='ltr'>Helvetiam,</span> <span class='ocrx_word' id='word_1_271' title='bbox 680 3663 776 3726; x_wconf 85' lang='lat' dir='ltr'>quern</span> <span class='ocrx_word' id='word_1_272' title='bbox 796 3641 865 3726; x_wconf 85' lang='lat' dir='ltr'>poll</span> <span class='ocrx_word' id='word_1_273' title='bbox 881 3641 1014 3703; x_wconf 83' lang='lat' dir='ltr'>deinum</span> <span class='ocrx_word' id='word_1_274' title='bbox 1031 3641 1070 3702; x_wconf 86' lang='lat' dir='ltr'>ab</span> 
     </span>
     <span class='ocr_line' id='line_1_32' title="bbox 35 3739 1071 3826; baseline 0 -22"><span class='ocrx_word' id='word_1_275' title='bbox 35 3761 70 3804; x_wconf 87' lang='lat' dir='ltr'>ea</span> <span class='ocrx_word' id='word_1_276' title='bbox 85 3744 140 3804; x_wconf 88' lang='lat' dir='ltr'>ille</span> <span class='ocrx_word' id='word_1_277' title='bbox 158 3741 311 3826; x_wconf 79' lang='lat' dir='ltr'>separauit</span> <span class='ocrx_word' id='word_1_278' title='bbox 326 3744 430 3804; x_wconf 74' lang='lat' dir='ltr'>indeo</span> <span class='ocrx_word' id='word_1_279' title='bbox 447 3745 515 3804; x_wconf 88' lang='lat' dir='ltr'>lacu</span> <span class='ocrx_word' id='word_1_280' title='bbox 526 3745 649 3808; x_wconf 89' lang='lat' dir='ltr'>Veneto</span> <span class='ocrx_word' id='word_1_281' title='bbox 664 3745 703 3806; x_wconf 87' lang='lat' dir='ltr'>ad</span> <span class='ocrx_word' id='word_1_282' title='bbox 720 3741 754 3808; x_wconf 88' lang='lat' dir='ltr'>sl.</span> <span class='ocrx_word' id='word_1_283' title='bbox 768 3745 901 3815; x_wconf 79' lang='lat' dir='ltr'>Ararim,</span> <span class='ocrx_word' id='word_1_284' title='bbox 923 3739 1071 3825; x_wconf 83' lang='lat' dir='ltr'>(Saone)</span> 
     </span>
     <span class='ocr_line' id='line_1_33' title="bbox 37 3845 1072 3928; baseline 0 -22"><span class='ocrx_word' id='word_1_285' title='bbox 37 3861 68 3906; x_wconf 91' lang='lat' dir='ltr'>et</span> <span class='ocrx_word' id='word_1_286' title='bbox 86 3846 132 3906; x_wconf 79' lang='lat' dir='ltr'>cic</span> <span class='ocrx_word' id='word_1_287' title='bbox 155 3857 189 3906; x_wconf 91' lang='lat' dir='ltr'>et</span> <span class='ocrx_word' id='word_1_288' title='bbox 214 3859 298 3904; x_wconf 85' lang='lat' dir='ltr'>traua</span> <span class='ocrx_word' id='word_1_289' title='bbox 320 3857 467 3908; x_wconf 88' lang='lat' dir='ltr'>montem</span> <span class='ocrx_word' id='word_1_290' title='bbox 496 3847 601 3907; x_wconf 82' lang='lat' dir='ltr'>lutam</span> <span class='ocrx_word' id='word_1_291' title='bbox 628 3847 849 3928; x_wconf 84' lang='lat' dir='ltr'>Sequanorum</span> <span class='ocrx_word' id='word_1_292' title='bbox 873 3845 1072 3926; x_wconf 83' lang='lat' dir='ltr'>provinciam</span> 
     </span>
     <span class='ocr_line' id='line_1_34' title="bbox 38 3944 1072 4028; baseline 0.001 -21"><span class='ocrx_word' id='word_1_293' title='bbox 38 3944 124 4008; x_wconf 84' lang='lat' dir='ltr'>iecit.</span> <span class='ocrx_word' id='word_1_294' title='bbox 172 3945 268 4008; x_wconf 87' lang='lat' dir='ltr'>Certe</span> <span class='ocrx_word' id='word_1_295' title='bbox 285 3945 460 4026; x_wconf 77' lang='lat' dir='ltr'>Eutropius</span> <span class='ocrx_word' id='word_1_296' title='bbox 473 3947 507 4016; x_wconf 85' lang='lat'>6,</span> <span class='ocrx_word' id='word_1_297' title='bbox 529 3957 583 4025; x_wconf 68' lang='lat'>¹4·</span> <span class='ocrx_word' id='word_1_298' title='bbox 602 3946 770 4010; x_wconf 83' lang='lat' dir='ltr'>Helvetioe</span> <span class='ocrx_word' id='word_1_299' title='bbox 786 3945 841 4007; x_wconf 91' lang='lat' dir='ltr'>suo</span> <span class='ocrx_word' id='word_1_300' title='bbox 857 3960 1001 4028; x_wconf 87' lang='lat' dir='ltr'>tempore</span> <span class='ocrx_word' id='word_1_301' title='bbox 1018 3947 1072 4008; x_wconf 93' lang='lat' dir='ltr'>Se·</span> 
     </span>
     <span class='ocr_line' id='line_1_35' title="bbox 37 4045 1072 4130; baseline 0.002 -22"><span class='ocrx_word' id='word_1_302' title='bbox 37 4067 158 4130; x_wconf 81' lang='lat' dir='ltr'>qoanoe</span> <span class='ocrx_word' id='word_1_303' title='bbox 173 4047 344 4128; x_wconf 86' lang='lat' dir='ltr'>adpellatoe</span> <span class='ocrx_word' id='word_1_304' title='bbox 362 4045 421 4110; x_wconf 88' lang='lat' dir='ltr'>else</span> <span class='ocrx_word' id='word_1_305' title='bbox 442 4045 553 4119; x_wconf 87' lang='lat' dir='ltr'>refert,</span> <span class='ocrx_word' id='word_1_306' title='bbox 587 4068 661 4110; x_wconf 87' lang='lat' dir='ltr'>cum</span> <span class='ocrx_word' id='word_1_307' title='bbox 683 4049 760 4110; x_wconf 86' lang='lat' dir='ltr'>olim</span> <span class='ocrx_word' id='word_1_308' title='bbox 780 4047 860 4125; x_wconf 91' lang='lat' dir='ltr'>(lul.</span> <span class='ocrx_word' id='word_1_309' title='bbox 874 4045 963 4111; x_wconf 86' lang='lat' dir='ltr'>ans.</span> <span class='ocrx_word' id='word_1_310' title='bbox 980 4046 1020 4108; x_wconf 91' lang='lat' dir='ltr'>de</span> <span class='ocrx_word' id='word_1_311' title='bbox 1032 4045 1072 4111; x_wconf 88' lang='lat' dir='ltr'>B.</span> 
     </span>
     <span class='ocr_line' id='line_1_36' title="bbox 38 4147 1073 4235; baseline 0 -23"><span class='ocrx_word' id='word_1_312' title='bbox 38 4149 76 4213; x_wconf 81' lang='lat' dir='ltr'>G.</span> <span class='ocrx_word' id='word_1_313' title='bbox 101 4172 133 4222; x_wconf 86' lang='grc' dir='ltr'>ι,</span> <span class='ocrx_word' id='word_1_314' title='bbox 157 4151 211 4229; x_wconf 90' lang='grc' dir='ltr'>ι.)</span> <span class='ocrx_word' id='word_1_315' title='bbox 234 4147 392 4214; x_wconf 81' lang='lat' dir='ltr'>Helvetiia</span> <span class='ocrx_word' id='word_1_316' title='bbox 418 4161 541 4218; x_wconf 85' lang='lat' dir='ltr'>tautum</span> <span class='ocrx_word' id='word_1_317' title='bbox 559 4151 698 4235; x_wconf 80' lang='lat' dir='ltr'>proximi</span> <span class='ocrx_word' id='word_1_318' title='bbox 720 4147 859 4226; x_wconf 75' lang='lat' dir='ltr'>suctim,</span> <span class='ocrx_word' id='word_1_319' title='bbox 892 4149 941 4212; x_wconf 85' lang='lat' dir='ltr'>uti</span> <span class='ocrx_word' id='word_1_320' title='bbox 965 4147 1073 4212; x_wconf 86' lang='lat' dir='ltr'>etad·</span> 
     </span>
    </p>
   </div>
   <div class='ocr_carea' id='block_1_4' title="bbox 0 0 1394 4888">
    <p class='ocr_par' dir='ltr' id='par_1_4' title="bbox 0 0 1394 4888">
     <span class='ocr_line' id='line_1_37' title="bbox 0 0 1394 4888; baseline 0 0"><span class='ocrx_word' id='word_1_321' title='bbox 0 0 1394 4888; x_wconf 95' lang='lat' dir='ltr'> </span> 
     </span>
    </p>
   </div>
  </div>
 </body>
</html>
