2650 4896
139 410 190 469 ru
216 407 356 468 entur.
384 409 491 466 nnc.
531 409 639 470 am.
683 408 789 472 cvr.
830 409 908 480 tq.
977 423 1040 492 αι,

21 586 153 652 εινοηιηι
178 595 329 646 montem
350 581 476 648 Plinine
492 591 526 662 4,
551 597 610 656 27.
635 581 656 646 s.
683 595 738 664 13.
765 582 842 647 inde
867 603 884 646 a
910 585 1042 665 Scythia

20 682 140 770 egressae
154 685 192 746 ad
209 686 288 746 litue
305 683 567 767 septemtrionalia
583 683 703 746 Oceani
719 684 822 748 Gadee
838 705 953 768 neque.
981 688 1043 748 im·

20 805 130 852 aunem
147 787 184 846 ad
196 785 410 848 Cimbrorum
424 785 682 869 promontorium
697 785 799 848 sinum
814 784 938 849 efficere
953 789 1041 860 dicit,

22 887 183 948 Codanum.
235 887 338 949 Ponit
357 888 487 968 quidem
509 887 572 960 ibi,
605 887 660 947 ubi
677 886 788 950 clarior
809 890 842 948 in
864 889 918 950 illo
943 901 1042 951 tractu

20 989 118 1067 incipit
139 988 208 1048 fieri
231 987 317 1050 sama
340 987 379 1048 ab
398 1000 493 1072 gente
514 989 751 1072 iugata-onum,
785 1008 863 1070 quae
879 989 922 1052 esi
941 991 1042 1072 prime

23 1089 214 1159 Germaniae,
242 1103 278 1154 et
298 1089 397 1154 Solio.
422 1107 449 1150 c.
467 1102 526 1168 23.
542 1088 563 1154 s.
581 1107 639 1152 20.
657 1089 751 1152 dtcttr
786 1109 874 1152 mons
896 1092 975 1152 Seno
995 1123 1043 1138 -

20 1190 130 1254 initium
155 1188 348 1251 Germaniae
360 1181 464 1278 facit.
526 1193 722 1272 Ingaevones
744 1204 865 1260 terrent,
890 1189 1044 1274 aquibus

19 1290 114 1370 primis
138 1289 210 1382 post
236 1291 377 1374 Scythas
404 1309 515 1352 nomen
547 1291 765 1354 Germanicum
793 1283 972 1382 cortsurgr't,
1009 1295 1044 1360 in

20 1389 122 1470 quibus
142 1390 292 1456 Plinium
310 1392 430 1454 retulit.
485 1394 564 1454 inde
579 1392 705 1456 videtur
724 1393 784 1456 esse
803 1412 896 1456 morte
916 1393 1044 1456 Germe·

20 1493 95 1560 nite,
128 1494 177 1552 uti
203 1506 237 1553 er
265 1489 426 1556 Ferrarius
448 1493 482 1554 in
505 1495 622 1558 Lexieo
637 1494 671 1558 h.
692 1515 724 1556 v.
751 1507 861 1558 eontra
885 1494 1045 1558 Ortelium

22 1591 172 1656 existimat.
201 1593 319 1676 Neque
336 1606 442 1656 temen
461 1593 561 1656 soium
578 1595 726 1666 Orteliue⁹
749 1593 801 1656 sed
817 1597 920 1658 etalio
936 1610 1045 1658 contre

23 1693 214 1756 Cimbrorum
237 1697 499 1777 promontorium
524 1696 562 1758 ab
582 1699 678 1760 altem
701 1710 787 1778 parte
808 1709 951 1779 ponunt,
978 1697 1045 1767 ubi,

23 1811 82 1856 eum
96 1795 129 1854 in
143 1815 232 1858 mare
249 1797 397 1867 exorruit,
421 1797 452 1860 h.
471 1798 585 1858 dicitur
600 1797 674 1860 tesia
690 1795 852 1882 Biisching
865 1796 1045 1889 Iangfiesd.

23 1896 111 1958 Docet
124 1910 234 1960 autem
253 1897 461 1960 Cimbrorum
478 1902 752 1980 promontorium,
778 1917 841 1981 quo
858 1903 891 1960 in
909 1900 997 1970 ioco,
1024 1897 1045 1960 si

24 1992 111 2062 sensus
137 1998 235 2060 inesse
269 1999 366 2060 debet
393 1999 489 2060 Plinii
515 1999 637 2086 rerbie,
676 2000 785 2081 ‹puaeri
813 1999 926 2062 debent
952 2017 1047 2064 mone

26 2095 101 2167 Sena,
116 2112 146 2158 et
160 2113 250 2161 recte
264 2101 371 2181 quaeri
389 2101 471 2160 inter
483 2101 680 2181 Narvegr'am
693 2115 726 2164 et
739 2101 892 2164 Sueciarn.
930 2099 1046 2163 Adami

24 2193 185 2262 Bremensie
202 2199 375 2284 descriptio
396 2221 468 2262 cum
483 2222 522 2264 eo
536 2201 618 2264 bene
633 2203 803 2272 convenit,
830 2203 917 2284 quod
935 2204 1046 2264 docuit

26 2296 172 2362 Pontanue
187 2322 216 2364 c.
232 2303 257 2366 l.
274 2322 344 2385 pag.
362 2301 446 2380 690.
499 2304 554 2364 isse
574 2303 704 2384 quidem
726 2323 765 2365 ex
788 2304 1047 2386 prominentibue

27 2393 143 2478 scopatio
167 2403 287 2463 staltici
311 2406 403 2464 merie
426 2405 504 2465 dicit
525 2405 682 2486 incipere,
709 2417 741 2466 et
762 2405 891 2466 tandem
913 2407 948 2464 in
969 2405 1047 2466 Rhi-

27 2501 96 2576 pteia
108 2505 278 2566 montibus
291 2503 551 2594 iirnitemqsacete.
587 2504 655 2568 Nec
669 2505 814 2586 impedit.
835 2507 919 2586 quod
934 2507 1047 2586 Ingne·

27 2617 106 2660 narres
127 2620 306 2676 memorat,
339 2607 410 2684 quia
433 2607 473 2667 stc
492 2619 620 2690 gentem
643 2618 769 2668 tantum
792 2609 978 2668 Germaniae
1000 2625 1048 2668 re·

28 2695 110 2778 spicit,
138 2726 206 2768 non
224 2726 335 2767 eorum
351 2705 455 2770 sedem
471 2708 505 2768 in
520 2706 687 2770 Germania
703 2710 822 2790 utique,
852 2710 953 2770 immo
971 2707 1046 2774 inde

30 2799 142 2881 adparet
163 2807 203 2870 ab
228 2807 352 2868 obiecta
372 2809 469 2868 etiam
489 2821 574 2889 perte
589 2807 753 2879 habitasse,
786 2825 818 2872 et
833 2811 906 2892 quie
922 2809 990 2891 posi
1010 2811 1046 2871 in

28 2899 57 2960 iit
69 2905 201 2968 recenset
216 2907 367 2970 Cimbroe
382 2922 413 2970 et
430 2911 614 2980 Teutonoe⁹
639 2929 711 2972 cum
728 2909 811 2976 Mese
828 2911 949 2992 optime
971 2929 1047 2974 con·

29 2997 117 3075 sentit,
135 3011 190 3090 qui
206 3023 241 3073 er
256 3011 290 3072 in
304 3011 700 3074 Scandenorin‘Tentonoe
714 3009 768 3073 suo
783 3024 881 3074 aetate
895 3009 1045 3095 agnoseit.

29 3099 154 3169 l'liuium
184 3130 255 3174 non
278 3125 361 3172 recte
384 3113 467 3192 cepit
489 3112 637 3183 Sosinne,
670 3125 703 3173 et
726 3113 801 3174 hinc
824 3116 987 3176 Sevonem
1011 3114 1046 3172 in

31 3199 180 3272 Germania
204 3214 317 3294 ponit,
343 3231 420 3292 quae
436 3211 525 3294 snper
544 3213 644 3274 sinum
660 3213 828 3276 Codanum
852 3232 919 3276 non
938 3225 1046 3278 exten·

30 3301 120 3379 ditur,
145 3315 196 3376 vel
206 3357 216 3386 ‚
243 3313 477 3383 stertendatur,
502 3327 537 3375 nt
553 3327 645 3398 putat
657 3315 820 3378 Pontenue
838 3333 864 3374 c.
878 3314 900 3376 l.
916 3333 948 3393 p.
960 3311 1043 3388 671.

30 3403 61 3464 ed
76 3407 300 3496 indigitandam
318 3415 569 3477 Scendanoviem
584 3412 667 3478 iacit.
707 3416 812 3498 Quam
834 3434 907 3476 cum
923 3413 1047 3481 Plinine

31 3520 51 3564 t
66 3506 85 3568 1.
104 3511 136 3571 in
154 3515 220 3576 sinn
237 3515 371 3578 Codnno
387 3529 502 3596 ponat,
529 3535 595 3578 non
612 3516 712 3599 potest
727 3517 781 3578 ille
797 3535 887 3578 mone
902 3517 935 3577 in
954 3516 1047 3577 Scan·

34 3602 155 3676 danoria
173 3615 274 3687 inisse,
299 3636 358 3678 nec
379 3617 453 3678 hinc
468 3617 686 3680 Scandanovia
707 3616 767 3680 effe
788 3617 903 3680 Suedia
920 3630 953 3678 et
967 3615 1048 3678 Nor·

33 3714 132 3793 tregia.
170 3718 276 3800 Quare
290 3719 397 3800 potine
413 3719 511 3782 iunior
525 3719 583 3784 alia
598 3718 641 3780 esi
654 3717 751 3784 insuia
767 3717 943 3788 sialandia,
968 3737 1047 3798 quae

35 3804 73 3868 ibi
96 3815 136 3874 esi
160 3821 307 3882 maxima.
349 3819 392 3879 Et
419 3818 457 3881 ste
485 3817 597 3880 diserte
624 3820 823 3903 Agathemer.
845 3834 877 3888 e,
896 3827 931 3896 4.
953 3819 1047 3882 dicitt

36 3908 150 4002 μεγάλη
170 3915 335 3988 Σκανδία.
362 3911 382 4005 ri*
404 3917 506 3982 retiret
528 3909 592 3982 ὑπό
614 3915 673 4006 etp
694 3913 875 4007 Κιμβρικὴν
897 3913 1050 4006 Xsp'p'o‘uty-

38 4023 100 4084 tor,
124 4031 158 4078 ut
177 4019 245 4101 post
265 4023 299 4080 in
314 4040 347 4083 re
363 4035 438 4082 nota
455 4021 494 4082 de
508 4021 650 4084 Sardinia
665 4019 808 4083 Corstcae
824 4018 968 4083 subiecta.
1010 4023 1049 4083 ln

36 4107 154 4193 Suedio,
179 4120 350 4208 Norwegit
373 4134 405 4187 et
428 4119 627 4206 sequentibue
648 4136 755 4190 contre
775 4123 957 4190 Sarmaticae
980 4139 1052 4190 orat
