2696 4896
328 419 389 486 aas
594 407 759 470 nossa
797 411 1098 473 exacuerent

326 584 450 674 aliique
471 585 600 649 docent.
634 583 706 648 vid.
721 583 851 650 Plinius
866 597 902 666 4,
922 587 1016 664 3o.[
1038 587 1091 651 16.
1110 602 1145 650 et
1158 584 1208 651 ibi
1220 579 1338 654 Hardni

325 710 400 753 nne.
451 685 538 751 Hinc
558 703 591 750 et
615 685 653 752 V
648 701 724 750 enta
747 689 885 752 Silus-eaor
908 707 1187 752 commemoratur
1206 693 1238 754 h.
1262 693 1338 756 Caes

327 789 444 854 Gment
459 786 494 852 in
510 785 668 853 Antonini
689 787 762 852 itin.
779 787 976 853 Britannias.
992 812 1023 874 p.
1043 807 1077 866 7.
1104 793 1147 854 ad
1169 813 1264 878 quern
1282 791 1338 860 rid.

324 891 407 956 Gale
421 913 454 976 p.
476 905 555 968 ²3¹·
602 890 726 952 Erralse
741 888 844 974 igitur
856 889 989 952 videtur
1006 889 1150 966 Solinus,
1177 895 1263 980 quod
1279 893 1338 980 qni·

323 991 401 1056 dem
422 1009 540 1077 putant
557 992 729 1056 Salrnasrut
750 1007 783 1054 et
803 989 1012 1064 Hardninus,
1039 992 1098 1056 nisr
1119 993 1193 1082 quis
1209 993 1283 1057 velit
1298 994 1338 1058 in·

324 1093 410 1158 sulas
430 1115 485 1156 eas
508 1113 525 1154 a
543 1091 706 1156 Siluribne
721 1091 814 1155 suilse
830 1091 929 1156 etiarn
944 1091 1117 1159 habitatas.
1161 1095 1267 1176 Sylina
1278 1095 1335 1158 Bri·

322 1192 454 1259 tanniae
475 1192 580 1257 insula
597 1192 742 1258 occurrit
759 1195 846 1278 apud
863 1193 1047 1279 Sulpicium
1065 1198 1224 1260 Severum
1242 1217 1270 1270 a,
1289 1211 1335 1276 5¹·

322 1317 405 1383 quae
434 1295 519 1358 sorte
548 1297 616 1360 buc
636 1293 789 1380 pertinet.
841 1293 989 1360 Silurum
1018 1295 1155 1382 quidem
1178 1296 1287 1362 insulas
1308 1315 1335 1363 et

320 1395 468 1478 Sylinam
490 1398 557 1462 hnc
578 1397 846 1462 resertBochart.
863 1395 898 1460 in
917 1399 1073 1460 Chanaan
1093 1423 1123 1472 ι,
1141 1416 1201 1481 39.
1224 1416 1255 1462 et
1272 1401 1335 1482 salty

319 1502 373 1564 vel
395 1499 568 1581 Soerlinges
581 1501 614 1564 b.
631 1498 692 1562 elle
712 1515 814 1583 putat.
858 1501 908 1561 De
924 1495 1038 1561 insulis
1054 1500 1238 1585 Soerlinges
1255 1501 1333 1586 poffit

319 1599 421 1666 etiam
443 1598 604 1677 dubitari,
634 1599 743 1686 quod,
774 1621 859 1686 quae
879 1601 995 1665 strabo
1017 1603 1058 1661 de
1079 1599 1121 1664 iis
1146 1617 1267 1674 narrat,
1286 1600 1331 1664 rix

317 1723 409 1767 nunc
427 1717 618 1786 congruant.
669 1703 712 1764 At
728 1701 812 1764 sorte
834 1717 937 1764 terrac
956 1699 1102 1765 motibus
1118 1718 1152 1765 et
1170 1701 1264 1764 maris
1282 1699 1329 1764 irn-

316 1820 399 1892 petu
420 1801 618 1866 mutationes
639 1803 744 1866 sactae
763 1802 855 1879 sunt,
884 1805 925 1866 de
943 1801 1062 1888 quibas
1078 1802 1148 1871 vid.
1165 1803 1329 1889 philosoph.

316 1921 470 1970 transact.
491 1907 560 1968 Vol.
579 1916 638 1984 48.
656 1926 690 1969 ιι.
707 1921 740 1986 7.
764 1927 795 1988 p.
813 1917 871 1982 55.
922 1905 1066 1984 Bayerus
1083 1927 1111 1969 c.
1129 1908 1151 1969 l.
1174 1926 1246 1969 cum
1266 1903 1328 1966 lban-

315 2029 400 2072 num
420 2006 455 2069 in
472 2003 644 2069 Graeciam
667 2026 707 2068 ex
729 2003 833 2068 insula
849 2007 998 2090 Europae
1020 2021 1186 2069 extremae
1205 2003 1327 2068 subiecta

318 2109 493 2172 advectum
517 2107 576 2169 else
597 2121 771 2169 auctorum
798 2105 990 2169 testimoniis
1014 2108 1154 2186 constet,
1188 2107 1226 2170 ad
1245 2103 1325 2169 Balt's

314 2229 394 2275 oum
415 2227 506 2271 mare
525 2228 578 2271 eas
598 2209 769 2270 remorare
790 2205 941 2281 videtur,
977 2209 1064 2294 quod
1084 2206 1324 2294 septemtrionale

315 2311 490 2394 adpellant.
516 2343 519 2349 ·
541 2311 631 2371 Tum
651 2329 730 2372 vero
752 2306 842 2371 idem
862 2307 1025 2382 evenerit,
1054 2311 1202 2395 quotide
1223 2311 1322 2370 electro

314 2426 457 2476 notatur.
492 2411 534 2474 At
549 2431 645 2474 nemo
662 2431 716 2473 eas
733 2408 780 2472 ibi
797 2407 921 2494 posuit,
948 2425 981 2472 et
994 2409 1111 2473 diserte
1127 2413 1255 2478 Strabo,
1278 2405 1322 2493 qni

222 2559 228 2570 ·
315 2515 355 2578 ab
378 2511 521 2576 Artabris
544 2533 597 2576 eas
622 2511 732 2573 versus
756 2508 1020 2596 septemtrionem
1043 2515 1113 2576 srtaa
1139 2514 1198 2575 elle
1224 2523 1320 2576 narrat,

313 2637 330 2678 a
352 2612 498 2678 Gadibus
522 2633 562 2677 eo
584 2611 768 2676 Phoenices
791 2609 952 2696 navigalle
976 2612 1076 2675 addis
1127 2617 1154 2677 A
1173 2606 1319 2675 Britannia

313 2731 347 2778 et
368 2713 569 2778 Britannicis
587 2711 701 2776 insulis
726 2729 813 2776 certe
830 2713 954 2797 separat
971 2711 1143 2793 Dionysrus
1165 2729 1197 2776 et
1213 2711 1319 2775 Postda-

312 2814 388 2882 niue
405 2819 494 2900 apud
514 2817 707 2880 Strabonem
724 2831 756 2876 et
776 2813 968 2876 Diodorum
979 2812 1127 2877 Siculum
1149 2831 1232 2878 etex
1246 2810 1280 2873 iis
1295 2826 1319 2870 et

311 2941 352 2982 ex
373 2915 545 2981 Britannia
568 2917 715 2978 stannum
744 2913 906 2999 exportari
932 2913 1087 2978 scribunt.
1147 2913 1243 3002 Quod
1259 2908 1317 2974 Rei·

310 3017 443 3084 noldius
467 3016 502 3080 in
523 3019 633 3080 tabula
655 3015 830 3100 Hispaniae
853 3013 969 3078 obiicit
990 3017 1081 3100 snpra
1098 3015 1214 3079 insulas
1236 3014 1317 3076 sortu-

309 3137 418 3196 natas,
446 3118 505 3182 ubi
528 3121 560 3181 lt.
577 3121 716 3190 Azores,
750 3116 870 3180 mirum
891 3117 950 3187 est,
977 3139 1039 3179 nec
1062 3139 1138 3180 curu
1159 3119 1258 3180 Melae
1271 3114 1317 3172 srtu

306 3221 422 3286 irotato
440 3216 611 3285 conciliari
628 3221 696 3282 ullo
712 3219 813 3280 modo
829 3217 939 3302 potest.
974 3220 1134 3302 Upbagen
1145 3217 1180 3281 in
1194 3208 1315 3302 parergis

309 3319 470 3386 historicis
491 3341 564 3406 pag.
589 3323 667 3400 169.
694 3341 755 3384 nec
770 3320 811 3380 tle
825 3316 1007 3391 Britannia,
1030 3319 1114 3382 forte
1135 3319 1202 3404 post
1216 3317 1264 3380 sub
1282 3309 1314 3373 iis

308 3421 485 3494 intellecta,
511 3443 574 3484 nec
591 3421 632 3482 de
651 3417 827 3505 Hispaniae
844 3416 957 3482 insulis
973 3417 1124 3504 explicat,
1150 3421 1202 3482 sed
1222 3418 1311 3498 deper-

308 3523 390 3588 ditas
413 3545 502 3586 stunc
523 3521 681 3608 quasdam
708 3523 768 3584 esse
791 3537 893 3606 putat.
944 3524 981 3583 ln
1001 3519 1198 3585 Britannicis
1220 3509 1311 3580 inlnir

307 3625 456 3689 stannum
477 3639 642 3708 repertum
665 3623 725 3684 elle
746 3619 880 3706 largiori
902 3637 1066 3705 proventu
1090 3621 1211 3685 indicat
1231 3613 1308 3678 etiam

305 3727 420 3808 Polyb.
444 3742 477 3802 3,
502 3739 562 3804 57,
587 3739 619 3803 3.
650 3740 683 3786 et
707 3721 871 3809 superiora
897 3723 1070 3787 declarant.
1120 3725 1182 3787 Sed
1204 3741 1240 3782 an
1258 3733 1325 3778 ete.

306 3827 382 3890 dena
399 3822 576 3889 habuerint
596 3841 740 3898 veteres,
770 3821 918 3887 dubitare
933 3827 1055 3894 sistunt,
1082 3846 1165 3910 quae
1183 3823 1263 3904 supra
1277 3797 1325 3873 dei

305 3923 514 3991 distinctione
535 3926 620 3990 sacta
640 3923 763 3988 notavi.
815 3927 912 3989 Certe
926 3925 1042 3988 Caesar
1057 3927 1097 3987 rle
1113 3927 1150 3988 B.
1168 3926 1203 3986 G.
1219 3932 1248 3997 5,
1266 3930 1306 3976 ¹2·

303 4029 478 4116 plumbum
498 4029 610 4092 album
628 4022 859 4115 (xaooicspoa)
882 4041 1009 4087 tantum
1026 4024 1061 4087 in
1084 4009 1305 4088 mediterraneis

302 4125 385 4198 locis
413 4125 519 4203 nasci,
558 4125 595 4192 in
622 4125 797 4192 maritimis
823 4127 947 4192 serrum
969 4125 1127 4191 adfirmat.
1176 4116 1304 4202 Denique
