2696 4896
202 380 204 389 ’
287 401 350 448 iton
556 387 718 450 stom
759 387 1059 448 exeoe‘ttcttt
1169 391 1175 396 ’

287 563 415 645 Nempe
436 581 557 626 nomen
584 563 716 627 habete
741 563 930 637 Caledonia,
957 565 990 628 h.
1017 564 1138 637 Scotie.
1164 565 1204 630 etl
1226 567 1336 650 quem

287 665 397 728 Coelae
412 667 546 727 minime
561 667 755 748 penetravit.
782 668 898 748 quippe
914 668 968 748 qui
983 669 1062 729 circa
1078 669 1226 730 Tnmeiin
1241 683 1278 732 et
1293 673 1334 732 iu

286 769 403 830 vicinis
421 767 604 852 regionibus
620 767 739 830 bellurn
755 787 829 828 curn
847 767 1006 830 Britannis
1021 765 1122 854 gessit.
1155 771 1248 832 Erret
1263 771 1333 854 igi·

285 880 339 930 tur
361 881 466 950 aperte
490 869 601 932 florus
619 883 650 948 5,
676 888 730 940 to,
754 879 808 944 18.
837 871 891 949 qni
909 868 1071 932 Caelarem
1093 871 1266 935 Britannos
1289 873 1332 937 iu

286 972 475 1036 Caledonius
500 969 588 1033 iilves
610 969 808 1053 persecutum
834 986 946 1035 narret.
999 972 1047 1032 dn
1071 973 1154 1053 apud
1176 974 1332 1035 Plinium

287 1076 382 1137 etiarn
397 1074 490 1134 silvae
506 1072 576 1134 illae
592 1073 673 1132 mele
691 1085 867 1154 ponantur,
893 1087 925 1134 et
946 1073 1024 1134 circa
1046 1073 1190 1134 Temeiin
1211 1074 1331 1154 quaeri

234 1242 241 1265 l
287 1175 433 1243 debeant.
457 1173 542 1255 quod
560 1173 852 1256 putatHerdninue‚
877 1173 1011 1236 dubium
1029 1174 1166 1238 videtur.
1201 1175 1332 1238 Scribit

286 1277 374 1339 enirn
393 1275 532 1337 Plinius:
562 1289 606 1354 5ο
621 1275 795 1355 propalam
812 1274 908 1335 annis
921 1276 1068 1336 notitiam
1082 1277 1146 1336 eins
1160 1277 1330 1338 &manis

285 1380 384 1440 armis
405 1397 468 1438 nort
492 1377 577 1437 ultra
596 1377 790 1438 vicinitatem
801 1371 905 1466 silvan
928 1375 1118 1437 Caledonius
1137 1397 1329 1458 propagan-

286 1477 381 1542 tibus.
435 1477 520 1541 Cum
536 1478 660 1540 Plinius
682 1473 737 1536 iub
754 1477 832 1537 Tito
853 1474 1020 1558 scripserit,
1045 1479 1093 1536 uti
1109 1480 1235 1539 mentio
1249 1478 1329 1538 Titi

286 1593 319 1644 et
344 1579 632 1664 Agrippeddocet,
674 1577 802 1661 triginta
827 1579 872 1637 iili
903 1579 978 1638 enni
1013 1580 1182 1641 commode
1209 1577 1328 1641 referri

285 1682 415 1768 poliunt
428 1701 445 1742 e
459 1680 585 1744 Claudii
602 1679 805 1761 expeditione
820 1698 848 1741 a.
864 1701 897 1740 u.
915 1680 998 1758 796.
1017 1680 1056 1740 ad
1072 1698 1189 1742 novam
1208 1683 1329 1765 Agrip·

284 1803 344 1867 pne
364 1803 392 1847 a.
410 1802 443 1847 u.
461 1795 543 1861 559.
571 1801 632 1862 qua
656 1780 828 1842 Caledonia
849 1782 1011 1850 innotuit.
1033 1779 1180 1863 (Tacitus
1195 1783 1230 1843 iu
1255 1784 1328 1844 vite

286 1893 357 1968 cttp.⁸
374 1902 428 1947 ro.
447 1896 505 1960 95.
521 1895 553 1945 et
567 1878 662 1963 alibi)
686 1895 719 1942 et
733 1881 877 1952 Britanni
894 1902 966 1942 curn
985 1881 1166 1946 Caledoniis
1181 1887 1215 1943 in
1231 1883 1328 1946 Cele-

286 1987 417 2050 doniem
434 1983 571 2046 submoti
586 1998 618 2045 et
633 1981 732 2066 fugati
747 1979 828 2042 lunt.
846 1987 859 2060 (
869 1983 956 2044 ldem
972 2001 998 2045 c.
1017 1997 1062 2063 95
1080 1981 1163 2064 sqq.)
1189 1983 1327 2047 Primus

284 2099 395 2149 temen
414 2086 552 2149 Severus
568 2103 636 2146 eam
654 2083 803 2168 ingratius
824 2085 1030 2166 expugnavit.
1058 2086 1142 2162 (Dio
1161 2085 1220 2159 76,
1243 2086 1325 2165 ι5.)

285 2191 336 2251 De
353 2186 499 2271 scriptura
514 2205 570 2267 par
589 2207 605 2245 e
621 2184 694 2261 (Gr.
710 2187 755 2271 sy),
779 2203 854 2246 cum
870 2185 969 2269 vulgo
986 2183 1210 2267 praeferetury
1225 2186 1281 2248 vel
1299 2187 1322 2256 ἰ,

169 2343 173 2352 .
285 2290 354 2352 vid.
379 2287 588 2368 Oudendorp.
611 2286 650 2347 ad
674 2286 791 2348 Lucan.
808 2281 841 2353 6.
864 2285 922 2362 68.
982 2287 1023 2348 tt
1047 2285 1100 2347 hic
1126 2299 1254 2347 tentum
1278 2289 1322 2350 de

286 2391 371 2454 nivis
392 2392 431 2451 ad
454 2388 571 2450 Galliae
589 2388 669 2448 letus
690 2387 820 2470 cogitari
837 2387 947 2456 debet,
975 2388 1083 2468 quales
1100 2383 1208 2470 peffim
1231 2406 1322 2448 com·

200 2553 201 2556 ,
286 2503 443 2556 memorat
465 2490 560 2552 etiarn
583 2485 693 2551 Caesar
709 2489 748 2550 de
763 2488 801 2550 Β.
820 2487 858 2550 G.
881 2489 929 2548 uti
947 2499 979 2564 5,
998 2507 1031 2568 9.
1053 2503 1107 2564 ι5.
1125 2501 1184 2566 59.
1224 2489 1322 2550 Ferre

287 2611 414 2654 sternere
437 2605 544 2652 autem
563 2591 585 2653 i.
609 2611 638 2652 e.
661 2591 809 2673 gignere,
844 2607 902 2670 pro
925 2609 987 2669 quo
1008 2588 1107 2652 Ovid.
1131 2589 1264 2652 Metam.
1284 2607 1321 2668 9,

288 2708 372 2774 950.
396 2692 538 2762 arbores,
564 2711 647 2773 quas
664 2689 768 2750 ardna
790 2681 924 2778 geffirat
947 2689 1040 2762 Oete,
1065 2709 1144 2772 quae
1168 2690 1265 2753 verbe
1286 2707 1323 2753 et

285 2797 321 2858 in
336 2793 424 2857 libris
439 2791 527 2875 iaepe
543 2804 792 2855 commutantur.

354 2989 569 3089 flumina)
620 2995 648 3056 E
669 2992 782 3075 quibus
802 3013 819 3054 e
836 2991 963 3056 Caelere
986 2993 1024 3057 li.
1041 2994 1082 3058 G.
1097 3005 1131 3073 5,
1152 3011 1207 3058 ιι.
1231 2979 1340 3057 com-l

285 3111 478 3164 memoretur
498 3092 653 3188 Tamesim
682 3095 710 3156 Τ
708 3083 812 3184 amissa
829 3093 842 3177 (
850 3093 884 3176 ε)
907 3097 1005 3155 Dioni
1021 3107 1081 3175 4⁰·
1097 3109 1130 3171 5.
1154 3111 1188 3156 et
1202 3094 1320 3158 Tacito

284 3201 398 3265 Annei.
427 3209 480 3280 14,
505 3211 563 3278 59.
590 3198 643 3275 (h.
673 3195 819 3264 Tharrias,
856 3186 1014 3286 Thamse.)
1063 3197 1162 3258 Addit
1185 3197 1319 3259 Tacitus

285 3303 369 3365 Anu.
393 3316 446 3369 ι9.
465 3309 521 3378 51.
538 3301 572 3358 in
588 3297 791 3379 expeditione
805 3295 931 3358 Claudii
944 3299 1106 3357 Anionem
1122 3297 1188 3375 (alii
1201 3297 1328 3360 volunt'

286 3393 430 3492 Ausona,
451 3399 484 3462 h.
500 3401 604 3476 Aaron)
621 3412 654 3461 et
668 3393 841 3459 Sabrinam.
866 3398 913 3476 (h.
931 3397 1076 3474 savem.)
1101 3396 1200 3462 Plura
1220 3397 1318 3462 hebet

209 3563 213 3573 ,
283 3504 484 3566 Ptolemaeus
500 3515 533 3572 9,
556 3513 589 3580 5.

364 3700 566 3784 alternis)
617 3699 829 3762 Luculentum
851 3699 946 3762 exstat
962 3699 1002 3761 tle
1018 3697 1080 3762 hoc
1096 3699 1312 3765 testimonium

286 3807 390 3869 Taciti
415 3807 449 3866 in
473 3803 614 3888 Agricola
637 3823 664 3865 c.
692 3822 746 3865 ro.
784 3803 869 3863 Hinc
889 3803 971 3882 'apud
994 3803 1132 3862 eundem
1154 3805 1240 3865 Ann.
1263 3815 1311 3882 14.

288 3923 345 3988 59.
372 3904 521 3968 Tamelaa
543 3903 724 3967 aestuarium
747 3915 950 3972 memoratur,
976 3903 1095 3984 aliaque
1120 3905 1212 3984 plura
1232 3903 1312 3986 apud

215 3989 235 4023 ⁸
286 4009 424 4072 Ptolem.
440 4023 473 4075 9.
493 4019 525 4082 5.
553 4005 696 4069 Omnino
713 4005 911 4066 Herodianus
928 4017 960 4080 5,
975 4013 1029 4081 ι4,
1044 4025 1057 4063 ι
1071 4026 1099 4065 ι.
1114 3999 1311 4068 rd'nlel'ortt

286 4109 344 4198 τῆς
362 4105 553 4198 Βρεττανῶν
573 4101 704 4196 χώρας,
729 4097 965 4194 ἐπικλυζόμενα
982 4101 1055 4183 ταῖς
1071 4101 1131 4170 τοῦ
1148 4099 1311 4173 Ὠκεανοῦ
