2696 4896
157 411 362 469 tttt’OMt’.
390 413 496 469 tunt„
538 411 645 469 ΜΗ.
688 411 722 472 c.
743 412 781 474 V·
822 411 901 481 §.a
980 425 1040 488 ²²⁵

63 587 226 654 titillaret.
245 599 276 664 5.
293 584 346 646 od.
369 593 424 667 14,
438 581 472 648 6.
498 584 573 646 Deo
587 583 709 649 Tibull.
728 599 760 655 9,
781 601 862 663 t,9.
878 597 911 646 et
928 595 961 662 5,
979 597 1040 664 95.

66 691 128 756 cani
147 688 250 771 virgil.
273 686 389 768 Georg.
412 708 440 756 ι,
458 699 549 767 339.
596 685 658 748 Sed
679 700 800 768 praeter
820 687 908 748 vitoe
929 687 1041 750 docto·

30 771 33 838 ἕ
60 791 138 852 xlcl.
162 790 245 871 plura
267 787 389 848 dahunt
412 789 535 870 Liptiua
558 786 597 848 ad
613 788 716 849 Taciti
739 788 851 850 dunel.
870 803 903 857 9,
922 798 976 868 ι4.
994 791 1039 852 in.

30 899 31 904 ’
56 891 130 954 unt.
148 903 178 952 et
195 890 309 950 Vlitiua
331 889 368 948 ad
392 889 491 952 Gratii
512 889 634 972 Cyneg.
657 909 689 952 v.
702 900 764 968 49.
798 889 978 952 Tenuuliua
1000 889 1041 950 ad

53 992 159 1056 luntiu.
174 999 206 1071 4,
226 1005 258 1062 7,
281 1001 342 1069 44.
378 989 526 1053 Oudend.
547 991 586 1050 ad
610 988 746 1071 Oblequ.
768 1009 835 1072 cap.
851 1005 909 1064 71.
929 1009 961 1074 p.
979 1001 1039 1068 57.

51 1093 88 1152 rbi
103 1109 129 1153 et
147 1093 194 1152 hic
211 1092 302 1153 locut
321 1087 475 1162 adfertur,
509 1088 671 1153 Drakenb.
692 1091 729 1152 ad
752 1089 824 1152 Liv.
845 1111 899 1161 ιο,
923 1104 980 1170 39,
1004 1105 1038 1154 9.

49 1206 71 1256 et
86 1212 150 1273 quoa
170 1193 273 1253 laudat
298 1192 462 1256 Bentleitte
484 1193 523 1257 ad
545 1191 655 1254 Horat.
681 1191 757 1256 odd.
779 1205 811 1270 3,
837 1201 891 1274 ι4,
917 1193 952 1258 6.
982 1191 1041 1254 uhi

45 1295 154 1376 exempla
172 1291 212 1355 lat
231 1294 346 1356 multa.

97 1496 297 1574 primitias
306 1495 325 1579 )
375 1497 514 1582 Frugum
535 1495 689 1580 primitiae
707 1510 802 1562 vocat
820 1495 904 1560 Plin.
922 1507 957 1575 4,
980 1497 1040 1562 96.

46 1594 117 1658 tn.
138 1598 233 1661 Solin.
256 1599 313 1662 ao.
335 1597 357 1662 l.
372 1615 430 1662 9ι.
482 1599 522 1660 At
539 1599 621 1662 Mela
644 1598 684 1659 tle
703 1597 792 1662 [acria
813 1599 979 1669 intellexit,
1005 1609 1042 1659 ut

47 1695 241 1760 intinctorum
258 1701 428 1781 primitiae,
445 1699 529 1781 quod
548 1713 652 1762 tuetur
666 1698 790 1764 Salmal.
806 1701 843 1760 ad
860 1700 961 1762 Solio.
977 1717 1004 1760 c.
1018 1700 1041 1762 l.

46 1817 68 1876 p.
78 1817 113 1859 ut.
131 1809 205 1876 147.
238 1801 385 1882 Explicat
398 1815 504 1862 autem
518 1795 686 1890 θυμάτων,
711 1800 856 1884 proficiat
871 1821 909 1862 ex
925 1801 1040 1861 immo·

44 1895 87 1958 lrtt
100 1897 186 1962 hostia
205 1915 416 1983 extorumqua
436 1917 549 1983 parter.
601 1903 665 1964 Hae
682 1903 767 1963 euim
785 1903 915 1962 innexae
932 1899 1042 1982 ilipula

45 1995 165 2061 humenti
185 2003 304 2064 Delum
320 2003 502 2066 mittebant.
539 2003 673 2086 Adparet
692 2023 731 2064 ex
749 2003 915 2065 Herodoto
929 2013 964 2080 4,
981 2014 1040 2078 33.

44 2095 83 2157 rbi
98 2115 240 2163 vocantur
263 2099 315 2188 tpd
338 2099 515 2192 ἐνδεδεμένα
535 2105 593 2182 (al.
616 2098 819 2192 ἐνδεδυμένα)
844 2099 875 2166 ἐν
904 2095 1042 2190 καλάμη
1096 2133 1101 2148 ·

45 2199 136 2285 ruptio.
190 2205 243 2266 Sic
267 2203 398 2268 Paulan.
418 2223 448 2276 t,
472 2218 531 2282 3t.
559 2226 590 2268 τ.
614 2201 768 2290 ἀπαρχάς
796 2194 986 2286 κεκρύφθαι
1011 2197 1043 2267 ix

44 2293 147 2388 καλάμη
170 2305 281 2392 πυρῶν
308 2307 403 2376 dicit,
433 2300 649 2389 γινώσκεσθαι
675 2301 706 2368 δὲ
733 2295 786 2369 ὑπ’
817 2295 973 2374 ot'rtieuu‘t'v,
1007 2318 1043 2367 et

43 2399 143 2467 Serriur
157 2406 194 2466 ad
213 2406 325 2488 virgil.
340 2406 417 2470 deu.
440 2427 493 2476 ιι,
509 2419 594 2485 532.
617 2405 693 2468 sacra
714 2407 747 2466 ln
768 2404 901 2469 inlnlam
922 2405 1044 2468 Delum

42 2503 163 2566 occultata
179 2507 211 2567 iu
227 2503 360 2569 falcibua
380 2509 552 2592 mergitum
570 2507 742 2589 pertulille,
769 2509 824 2589 qui
841 2505 881 2568 stc
895 2506 936 2568 tle
950 2507 1043 2572 iuvo-

42 2600 110 2666 lunir
123 2607 260 2686 paullum
277 2607 442 2690 discrepat.
489 2608 702 2671 Callimachua
722 2610 756 2670 in
774 2609 890 2670 Delum
906 2626 940 2670 v.
956 2618 1042 2686 283.

42 2698 90 2788 itpd
108 2699 278 2796 δράγματα
299 2699 479 2794 ἀσταχύων
500 2722 603 2772 vocat.
654 2709 734 2771 lntle
753 2727 829 2772 vero
844 2707 942 2769 Plinii
960 2726 1044 2770 etro·

41 2821 89 2864 rem
115 2821 222 2870 uatum
257 2823 348 2892 putat
377 2810 551 2872 Salmaliua.
599 2811 756 2892 Porphyr.
785 2811 825 2872 de
857 2807 1045 2872 abstinentia

41 2905 140 2970 animal.
159 2927 191 2980 9,
212 2927 271 2989 ¹9·
298 2910 520 2992 Hyperboreoa
543 2927 637 2974 vocat
663 2903 942 3000 ἅμαλλοφόρους,
972 2911 1044 2974 sar·

40 3005 93 3068 rina
106 3009 141 3070 ad
160 3010 242 3073 Aen.
264 3029 317 3081 ιι,
342 3023 425 3090 858.
449 3001 665 3098 οὐλοφόρους.
715 3013 807 3073 Plura
831 3011 871 3074 de
891 3011 931 3074 iia
956 3009 1044 3075 tanta

39 3103 105 3166 labit
130 3111 343 3193 spanhemius
366 3114 406 3173 ud
431 3112 658 3175 Callimachum
676 3131 703 3174 c·
726 3114 749 3176 l.
781 3113 836 3194 qui
861 3111 953 3174 limul
985 3113 1044 3172 im·

39 3223 135 3289 pugnat
154 3213 355 3280 salmasium,
381 3213 468 3295 quod
490 3215 529 3275 de
551 3215 689 3296 produlia
706 3233 744 3276 ex
766 3215 930 3274 immolata
946 3211 1044 3274 hoilie

39 3309 163 3387 explicet,
192 3333 266 3375 curu
282 3333 393 3376 omnes
414 3327 558 3376 auctorat
578 3327 700 3376 tantum
720 3324 974 3377 commemorent
991 3306 1046 3400 lpai

40 3401 122 3494 liena*
140 3427 192 3474 aut
216 3411 374 3500 ἀπαρχάς
401 3414 592 3496 impliciter,
620 3431 673 3476 aut
699 3413 853 3478 lectorum
876 3413 1042 3496 primitiae,

39 3504 137 3574 lliniua
157 3517 253 3576 etiam
270 3515 383 3576 dilerte
397 3505 536 3602 frugum
556 3517 718 3598 primitiae
739 3518 838 3586 dicat,
873 3511 936 3595 qu'o
952 3510 1044 3574 lanlu

39 3605 90 3694 ispa*
103 3615 232 3700 intelligi
251 3635 288 3677 ex
304 3615 360 3676 ulu
375 3616 501 3699 liuguae
516 3617 611 3698 polle.
648 3617 847 3699 Sparrhemio
869 3612 1044 3676 adsentitur

39 3705 235 3778 Valckenarine
250 3716 290 3777 ad
305 3717 458 3778 Herodut.
475 3737 501 3778 c.
520 3719 540 3780 l.
570 3718 689 3779 Etiam
705 3732 779 3780 ante
791 3717 934 3778 Thomae
950 3715 1043 3780 Grae·

40 3809 95 3874 tina
108 3817 142 3875 ad
158 3817 282 3881 Gallim.
298 3837 325 3880 c.
342 3818 362 3880 l.
385 3831 560 3888 monuerat,
587 3833 717 3903 propter
740 3811 945 3899 ὀνοσφαγίαν
968 3815 1044 3880 ferti

39 3927 90 3972 uon
107 3917 188 3996 polle
204 3918 340 3978 Salmalii
358 3919 618 3998 explicationem,
644 3933 676 3982 et
691 3919 794 3982 Melae
810 3915 964 3979 sacrorum
981 3921 1042 4002 pri-

38 4015 122 4076 uitiaa
137 4019 286 4102 intelligit
299 4019 337 4078 de
350 4019 498 4098 primitiis
515 4020 552 4079 ad
569 4018 646 4082 lacta
662 3997 816 4083 iacienda.
847 4019 918 4080 vid.
935 4021 1043 4094 etiam,

38 4128 98 4192 quaa
118 4133 223 4184 contra
238 4121 421 4184 salanellum
445 4121 620 4204 disputavit
642 4123 780 4207 Gedoyn
802 4125 836 4187 in
861 4121 1044 4190 rechercher
