2746 4894
161 342 215 401 ru
243 340 381 401 rome.
408 309 518 397 uiuo.
558 339 595 396 1.
615 327 669 396 ur.
710 337 744 396 r.
764 340 803 398 x.
844 339 923 414 c..
945 355 975 398 ι.
1039 351 1102 420 422

61 517 136 580 iales
156 509 319 580 fortune'ee
335 535 407 600 pag.
425 527 509 594 578.
531 533 571 577 ert
591 512 655 575 boc
671 514 743 576 loco
757 513 916 578 Atlantem
932 516 973 595 ari
988 517 1105 580 Picum

61 633 211 680 montem
229 616 346 682 infulae
361 616 542 718 Teneriffae
559 612 671 688 refert,
697 616 811 680 adalia
832 619 899 681 eius
919 632 1105 684 commenta

61 721 153 784 reiici
178 719 287 792 debet.

133 912 362 1017 sustinere)
413 923 469 990 Gr.
490 918 693 1012 βαστάζειν,
718 923 767 985 uti
783 923 881 988 etiam
896 945 937 988 ex
956 924 1107 1010 posterio-

62 1025 153 1088 ribue
174 1025 305 1090 Malalae
325 1024 556 1112 iu'Chronogr.
578 1026 634 1090 lib.
652 1036 687 1106 4.
706 1046 738 1108 p.
760 1029 912 1103 18.Ven.
966 1027 1106 1110 Nempe.

63 1129 153 1210 quod
169 1127 292 1192 fabulae
310 1129 455 1200 tradunt.
481 1130 519 1190 ad
536 1129 571 1191 id
586 1143 713 1191 coactor
728 1125 830 1190 luerat
844 1149 861 1190 a
877 1131 972 1201 love.
997 1142 1109 1209 contre

64 1250 165 1312 quern
186 1233 221 1293 iu
240 1231 482 1293 Titanomachia
502 1232 567 1291 dux
585 1228 703 1301 iuerat.
730 1243 767 1290 ut
783 1227 889 1291 scribit
905 1231 1023 1315 Hygia.
1041 1229 1106 1294 fab.

71 1344 155 1409 ²5⁰·
188 1331 275 1394 Hinc
294 1333 370 1395 teste
387 1333 556 1394 Herodoto
572 1343 606 1410 4.
625 1343 709 1409 280.
725 1328 748 1394 f.
771 1325 954 1420 ἐπιχωρίοις
973 1333 1109 1415 adpella-

66 1433 161 1496 batur
180 1430 260 1496 nitor
281 1431 341 1498 τοῦ
363 1423 521 1522 οὐρανοῦ,
549 1435 757 1515 omninoque.
783 1435 870 1515 quod
888 1434 1030 1496 adfirmat
1049 1434 1110 1496 Zo-

67 1555 159 1614 naras
181 1550 237 1605 12.
254 1552 289 1614 9.
312 1537 426 1618 poetic.
468 1537 556 1598 Hinc
571 1527 698 1627 eoelifer
713 1537 831 1597 Statius
847 1534 950 1598 Theb.
968 1547 1002 1613 5.
1020 1547 1106 1618 430.

66 1638 132 1701 Sed
151 1637 205 1700 vel
221 1639 357 1700 omnino
378 1639 411 1698 id
432 1639 561 1708 dicunt.
592 1639 645 1700 vel
672 1638 772 1698 variae
798 1637 866 1700 eius
885 1649 1020 1721 partera
1042 1656 1111 1699 cor·

67 1759 149 1822 pore
167 1738 311 1802 humano
328 1740 421 1810 ducta
443 1741 678 1821 comparatione
698 1738 879 1823 defignant.
902 1752 939 1800 ut
955 1741 1111 1805 humeros.

66 1838 143 1903 Vid.
159 1841 281 1903 Schiitz
301 1841 340 1902 ad
363 1838 504 1919 Aeschyl.
528 1841 599 1904 Vol.
619 1860 647 1904 r.
665 1860 736 1924 pag.
758 1852 839 1918 ι8ι.
885 1841 935 1902 lta
956 1859 1034 1904 vero
1058 1859 1112 1902 ex·

68 1940 169 2004 cellos
195 1942 274 2003 alio·
299 1955 427 2004 montes
453 1943 592 2004 indicare
617 1941 735 2013 [olent.
769 1957 807 2002 ut
834 1939 971 2005 Caucaso
996 1941 1112 2004 tribuit

67 2038 323 2131 ἀστρογείτονας
347 2039 498 2134 κορυφᾶς
520 2041 693 2126 Aeschylus
708 2045 742 2106 in
763 2043 961 2107 Prometheo
975 2065 1010 2108 v.
1025 2059 1111 2123 727.

224 2248 255 2325 ς.
281 2263 316 2311 a.
354 2244 642 2329 Fortunatae)
686 2247 923 2311 Noliereamm
939 2265 1113 2312 numerum

70 2366 141 2412 nort
164 2347 304 2421 addidit.
330 2349 363 2410 in
385 2369 452 2430 quo
469 2363 577 2413 tamen
594 2350 717 2411 variant
738 2363 873 2417 veteres.
912 2352 1000 2412 Duae
1015 2369 1113 2436 agno·

71 2453 125 2511 vit
141 2447 281 2514 Sebosus
295 2452 381 2534 apud
397 2453 483 2514 Ptin.
501 2454 533 2522 6.
553 2466 611 2530 37.
629 2449 649 2514 l.
669 2465 728 2529 32.
762 2451 869 2514 Prima
885 2450 929 2514 el't
946 2451 1114 2516 Gorrvnllr's

72 2572 90 2616 a
107 2554 320 2624 convexitate,
341 2553 477 2614 circuitu
491 2553 577 2618 CCC
594 2553 640 2615 M.
653 2553 690 2614 P.
717 2573 811 2634 quam
827 2554 902 2617 ideo
925 2553 1115 2619 Harduinue

74 2653 114 2716 ad
131 2673 160 2718 c.
181 2653 203 2716 l.
227 2653 305 2716 l'r‘sle
326 2653 366 2714 de
387 2645 508 2744 l'errfer.
534 2657 588 2718 vel
607 2651 766 2744 Teraeriffn
781 2669 890 2738 putat.
923 2657 970 2716 uti
987 2669 1020 2717 et
1035 2657 1114 2722 alio·

75 2753 202 2818 censere
221 2753 317 2819 refert
333 2756 489 2819 Cellariua
504 2758 539 2818 in
560 2755 676 2840 Geogr.
693 2770 758 2820 ant.
775 2767 811 2840 4,
829 2772 862 2834 7,
881 2769 939 2837 35.
979 2757 1113 2821 Nomen

74 2854 184 2918 trustra
208 2871 333 2921 exercet
352 2858 516 2922 Salmaliua
537 2858 572 2918 in
589 2858 691 2920 Solio.
713 2879 746 2940 p.
763 2878 809 2922 m.
826 2871 911 2938 915.
940 2859 995 2940 qui
1016 2859 1114 2944 legite
1151 2839 1157 2860 '

75 2957 198 3020 Solium
229 2961 262 3020 irr
293 2957 378 3020 troile
402 2981 424 3020 o
449 2960 662 3023 convexitate.
715 2959 818 3021 Altera
846 2959 889 3020 oli
914 2959 1113 3022 Plonorr'oe

75 3057 189 3144 specie.
237 3063 285 3124 lta
310 3063 446 3124 omnino
467 3061 656 3138 Plutarchus
675 3060 709 3121 in
731 3061 873 3123 Sertorio
893 3079 959 3142 cap.
977 3071 1010 3137 8.
1036 3061 1115 3126 duaa
1199 3047 1200 3052 ἵ

76 3177 311 3226 commemorat
336 3163 401 3225 line
425 3165 559 3226 nomine
587 3176 710 3232 tamen.
745 3175 778 3224 et
809 3157 925 3249 νήσους
952 3155 1114 3250 μακάρων

76 3263 230 3346 adpellat,
263 3264 320 3326 ubi
340 3265 475 3328 Homeri
500 3266 632 3342 elylium
649 3283 666 3326 a
686 3263 824 3328 barbaria
845 3264 942 3326 etiem
962 3281 1114 3344 ponatur.

76 3362 130 3430 cf.
147 3365 187 3428 de
200 3367 307 3447 Elylio
322 3367 355 3428 in
371 3367 426 3428 illo
443 3367 502 3428 litu
513 3365 653 3429 Eullath.
670 3365 708 3428 ed
719 3367 854 3430 Homer.
864 3363 971 3444 ooyff.
983 3374 1017 3448 4,
1027 3367 1113 3447 563.

77 3478 112 3532 et
125 3487 205 3550 quae
219 3471 259 3532 de
272 3487 312 3530 eo
328 3467 474 3531 disseruit
491 3469 605 3548 Heyrre
617 3469 652 3529 iu
668 3466 774 3551 opusc.
791 3467 876 3531 acad.
895 3467 963 3530 Vol.
986 3488 1015 3531 1.
1039 3487 1114 3553 pag.

77 3583 164 3649 395.
191 3567 244 3634 Cf.
259 3571 355 3632 etiam
372 3571 410 3633 ed
427 3570 547 3633 Melam
563 3585 596 3640 2.
614 3585 647 3646 7.
663 3579 699 3648 4.
732 3570 870 3632 Minime
886 3581 1004 3638 autem.
1026 3570 1115 3652 qrrod

75 3669 204 3735 Voll'rua
221 3673 380 3743 adfirmat.
406 3685 438 3734 et
451 3674 567 3756 repetit
580 3671 619 3735 ad
633 3671 753 3736 Sallust.
775 3693 806 3756 p.
823 3682 908 3753 998.
931 3669 1039 3742 Corte.
1063 3673 1115 3750 lu·v

75 3772 151 3836 bam
174 3773 203 3836 le
221 3772 365 3836 secutum
381 3773 441 3836 elle
456 3774 641 3838 Plutarchua
655 3775 832 3858 profitetur.
856 3773 944 3836 cuiue
963 3774 1115 3837 narratio·

74 3895 153 3939 nem
172 3877 266 3958 plane
282 3875 437 3939 diversam
452 3877 557 3938 reddit
570 3876 706 3941 Pliniur.
737 3877 843 3939 Immo
860 3871 1015 3940 Sebolum
1032 3874 1116 3938 lecu·

74 3991 128 4040 tua
153 3977 215 4042 elle
237 3978 378 4046 videtur.
436 3978 523 4044 eum
544 3978 714 4044 Plutarcho
734 3979 770 4044 in
791 3994 928 4044 numeru
957 3975 1118 4052 consentit
