2746 4894
154 425 652 494 intonantia-orn.
694 428 948 510 1111115.
1012 443 1073 508 552
1158 369 1164 388 ³

65 601 134 686 apud
154 597 330 672 cellarium
352 598 388 664 in
415 601 536 686 (leoga.
556 617 621 666 ant.
645 615 679 680 3,
710 621 765 675 11,
790 621 824 683 9.
867 599 933 664 Dio
956 615 1015 682 35,
1043 622 1075 670 a.

66 707 292 786 Commagenen.
304 701 383 770 inde
397 723 520 770 nomen
538 720 670 766 nactam
685 703 745 768 elle
762 704 857 788 supra
876 703 1000 770 notavi.
1037 708 1076 768 ln

66 803 139 884 Syria
152 801 290 868 maxime
302 803 383 868 hinc
399 821 519 872 notum
534 803 577 868 esi
591 802 753 890 oppidum
769 807 924 890 Zeugma,
945 809 1078 870 transitu

66 901 215 989 Euphratis
231 903 362 980 nobile,
390 921 428 968 ut
442 903 525 970 dicit
537 903 623 971 Plio.
639 920 674 985 5,
694 927 750 974 aa.
767 906 787 970 s.
806 918 862 988 14,
890 908 1005 972 Strabo
1022 911 1076 973 16.

64 1028 119 1090 pag.
134 1021 211 1086 515.
233 1007 254 1071 1.
274 1010 358 1088 746.
391 1005 527 1076 Tacitus
550 1027 607 1080 111,
626 1027 679 1072 ao.
712 1007 875 1074 Ammian.
897 1021 952 1085 18,
968 1022 1002 1088 8.
1026 1045 1079 1060 —-

65 1105 189 1173 Transiit
214 1107 270 1172 hic
293 1109 476 1174 Alexander
501 1111 640 1194 (Strabo
657 1125 691 1172 et
713 1107 791 1193 alii)
818 1125 850 1195 et
874 1110 944 1195 poss
968 1109 1077 1180 multi.

66 1209 270 1292 1111111040,
290 1227 344 1288 17.
368 1226 400 1274 11
417 1208 474 1296 qui
490 1207 538 1272 ibi
554 1211 775 1284 adducuntur,
798 1227 830 1274 et
846 1232 863 1274 a
881 1210 1024 1275 Cellario
1041 1211 1077 1276 in

67 1313 163 1395 Geogr.
177 1328 242 1382 ant.
258 1328 293 1389 5,
314 1330 369 1386 aa,
388 1315 430 1378 16
448 1311 512 1398 sqq.
563 1309 748 1376 Maximum
764 1333 842 1376 vero
862 1310 898 1374 in
915 1311 1007 1392 Syria
1022 1315 1078 1380 ha·

65 1413 126 1476 bere
143 1415 289 1487 alveum,
315 1429 408 1482 notat
422 1414 536 1492 Polyb.
551 1435 578 1478 c.
595 1417 617 1477 l.
668 1416 834 1480 Hactenus
857 1411 945 1477 eninr
967 1418 1078 1499 plnres

65 1535 154 1578 amnes
169 1531 351 1600 exceperat,
375 1513 413 1576 in
428 1513 548 1601 quibus
564 1516 605 1577 ad
625 1514 815 1578 Armeniam
830 1537 934 1601 usque
949 1513 1079 1580 Plinius

65 1636 86 1678 t.
99 1619 117 1678 l.
137 1617 231 1678 habet
250 1617 392 1700 Lycum,
421 1608 590 1708 Arsaniam
613 1616 675 1702 (cf.
692 1618 732 1680 de
749 1619 813 1680 hoc
831 1619 866 1692 6,
883 1633 941 1698 51.
959 1617 980 1681 1.
999 1615 1080 1702 27.)

65 1709 249 1809 atArsanurn,
270 1715 328 1803 qui
345 1715 477 1782 videtur
493 1717 625 1810 Arfinns
639 1719 700 1780 elle
715 1715 872 1802 Procopii
888 1721 929 1782 ala
943 1723 980 1782 B.
992 1719 1078 1796 Pers.

68 1840 91 1888 r.
110 1835 156 1894 17.
182 1821 236 1882 etsr
251 1819 293 1882 de
307 1841 347 1882 eo
363 1821 454 1882 silere
469 1835 594 1884 ceteros
610 1817 782 1906 scriptores
796 1821 837 1882 ad
857 1818 1004 1884 Plinium
1020 1842 1079 1914 pu·

63 1921 134 1986 aba
148 1917 348 1986 Harduioua.
399 1919 490 1988 Alios
511 1937 677 2006 praeterea
694 1919 849 1995 omnino,
877 1921 1000 1986 omissas
1020 1941 1080 1992 no·

63 2018 205 2096 minibus.
231 2020 373 2093 influere
396 2021 549 2086 adsnmat
572 2021 772 2108 Procopius.
796 2022 833 2085 in
855 2021 975 2109 quibus
996 2025 1081 2088 (na

63 2120 154 2188 barras
170 2125 187 2187 1
201 2123 343 2188 Aborras
365 2145 468 2209 prope
492 2121 680 2198 Circesium,
707 2123 867 2212 (Procop.
882 2125 926 2188 de
938 2129 976 2190 B.
993 2127 1079 2192 Pers.

65 2241 91 2295 3⁹
106 2236 137 2302 5t
161 2227 300 2292 Ptolem.
317 2239 350 2306 5,
372 2226 449 2311 18.)
477 2230 595 2310 Singas
609 2247 649 2295 ex
665 2227 899 2311 Commagene,
920 2229 1081 2306 (Ptolem.

64 2333 175 2410 515.)
199 2329 357 2396 Saoooras
377 2324 414 2390 in
429 2326 678 2414 Mesopotamia.
706 2329 867 2416 (Ptolem.
883 2341 916 2408 5,
939 2341 994 2407 15.
1010 2327 1082 2414 -)

120 2527 310 2620 Arabas)
371 2529 486 2602 Adluit
509 2529 662 2606 Arabiam
688 2531 860 2603 desertam.
907 2533 1011 2596 Urbes
1040 2531 1083 2604 acl
1113 2611 1116 2624 ¹

64 2631 245 2716 Euphratem
275 2635 344 2695 litas
374 2651 546 2700 enumerat
578 2635 787 2700 Ptolemaeus
809 2647 842 2714 5,
873 2653 926 2716 19.
974 2637 1080 2698 Atlio

64 2733 165 2798 addere
180 2750 309 2830 poterat
322 2733 614 2819 Mesopotamiam,
640 2757 740 2826 quam
752 2737 920 2820 Euphrate
937 2752 969 2800 et
986 2733 1082 2820 Tigri

65 2833 206 2901 contineri
238 2851 356 2906 notum
382 2836 434 2900 en.
487 2839 583 2900 l'orte
608 2853 716 2902 tamen
739 2837 882 2900 Arabum
910 2835 1082 2900 mentione
1109 2846 1112 2854 '

65 2933 146 3002 tacite
173 2935 356 3010 indicavit,
392 2937 470 3023 quia
500 2940 619 3003 Arabes
647 2935 799 3002 Scenitae
825 2937 1082 3022 Mesopotamiae

64 3053 154 3127 partes
176 3037 410 3110 meritlionoles
433 3043 598 3106 tenebant.
635 3037 709 3109 Vid.
731 3039 846 3102 Strabo
868 3041 922 3104 16.
944 3062 976 3122 p.
995 3050 1080 3120 514.

65 3137 82 3209 i.
95 3151 168 3217 747·
191 3157 224 3204 et
243 3139 331 3213 Ptin.
347 3143 381 3213 6,
405 3157 465 3218 50,
488 3143 507 3212 s.
535 3153 591 3218 118.
642 3139 733 3205 Petit
752 3137 831 3200 inde
851 3137 1082 3220 Babyloniam,

65 3237 110 3304 ubi
125 3263 211 3308 novo
226 3242 315 3304 llexu
330 3241 436 3326 agitur
453 3243 560 3306 versus
576 3239 737 3306 orientem
752 3239 938 3306 hibernum.
964 3244 1082 3304 Strabo

64 3338 111 3410 lib.
132 3367 182 3414 tr.
207 3367 255 3410 cc.
272 3347 308 3414 ll.
358 3345 478 3407 Cursus
500 3343 570 3408 aius
591 3341 692 3410 etiam
717 3365 757 3406 ox
778 3340 917 3408 urbibus
939 3339 1081 3406 iudicari

64 3443 167 3526 potest,
199 3465 281 3533 quaa
303 3445 343 3508 ah
370 3465 409 3506 eo
432 3445 522 3510 adlui
545 3443 692 3508 scribunt
720 3460 887 3518 auctores,
919 3442 1023 3507 veluti
1045 3441 1082 3508 in

63 3544 141 3622 Syria
162 3549 371 3614 Ptolemaeus
388 3561 422 3624 5,
444 3559 498 3625 15.
526 3563 559 3611 11
580 3545 692 3631 passam
716 3547 832 3614 Strabo
852 3563 885 3616 11
905 3543 941 3607 in
964 3543 1084 3629 primia

63 3643 194 3724 Plinium
218 3650 259 3713 tle
274 3645 392 3714 Arabia
408 3664 513 3718 antea.
555 3651 592 3710 ln
603 3645 840 3732 Mesopotamia
857 3647 1084 3724 Nicephorium

63 3750 308 3830 praeterfluebat.
333 3747 440 3828 (Ptin.
459 3752 493 3821 6,
510 3765 568 3828 5ο.
590 3751 612 3817 1.
636 3752 691 3814 116.
717 3765 750 3814 11
769 3749 877 3816 1111101.
900 3749 1081 3812 Characen.

65 3869 91 3930 p.
107 3867 135 3927 5.
154 3854 253 3916 llurls.
277 3848 334 3938 quj
358 3867 391 3919 et
414 3849 492 3923 alias
514 3849 695 3930 nominat.)
738 3853 775 3912 ln
793 3851 985 3929 Palmyrena
1006 3852 1084 3914 Par·-

65 3941 159 4040 liscum
185 3955 244 4025 111,
271 3951 380 4039 (l'lin.
405 3965 439 4030 5.
464 3971 521 4024 or.
545 3953 564 4016 s.
590 3951 667 4038 alp)
698 3949 752 4014 c-ui
779 3951 945 4013 aslclontur
971 3952 1085 4024 atatis.
1144 4024 1147 4033 Ι

65 4051 144 4124 Sara,
165 4055 316 4118 Asornata
333 4076 351 4116 a
368 4055 557 4126 Ptolemaeo
573 4069 607 4132 5,
628 4066 681 4132 15.
712 4052 904 4135 Babylonem
918 4051 1086 4116 interflue-

65 4151 121 4218 bat.
141 4155 243 4243 (Plin.
261 4159 296 4230 6,
312 4171 369 4234 30.
392 4155 412 4218 1.
434 4158 489 4222 ab.
507 4173 540 4220 ct
555 4153 645 4242 alii.)
678 4157 730 4220 Da
751 4151 937 4228 canalibus,
964 4152 1023 4242 qui
1046 4173 1086 4250 etp
