2650 4896
275 419 341 494 διο
547 410 713 472 uonna
749 411 1047 474 annonarum

276 587 376 652 tradit
390 585 572 671 Stephanae
589 586 610 650 i.
627 607 659 652 r.
676 582 854 678 Ἀπάμεια,
877 587 934 651 ubi
958 603 1066 654 tamen
1088 610 1148 675 pro
1164 593 1253 656 Delae
1270 595 1300 658 in

274 691 362 757 cod.
390 691 537 754 Palatino
562 689 693 754 Salmas.
721 691 848 752 invenit
871 685 1022 764 Σέλλας.
1054 695 1142 775 quod
1166 693 1297 777 praefert,

276 813 353 856 eum
380 793 414 853 in
448 792 558 854 lfidori
586 791 806 855 manstonibue
836 791 995 857 Parthicis
1018 815 1092 880 pag.
1114 807 1148 874 5.
1173 795 1299 876 (Hndl.)

276 887 391 959 Σίλλα
415 890 450 956 il.
474 894 508 954 in
531 912 569 954 eu
591 908 680 978 parte
699 909 907 957 memoretur.
960 893 1130 957 Seleuciam
1153 913 1251 961 antem
1270 913 1298 962 et

278 991 518 1087 Ctefiplroutem
539 995 728 1066 dirimebat,
763 996 854 1057 nullo
878 1013 954 1082 egro
971 998 1189 1062 interiacente.
1215 999 1299 1082 (Pro-

277 1115 351 1180 eop.
371 1098 411 1158 de
429 1095 466 1158 B.
490 1094 574 1157 Peri.
593 1111 625 1168 a,
643 1091 724 1178 28.)
767 1096 904 1166 ibidem.
936 1097 1099 1160 Seleuciae
1123 1099 1297 1176 Babyloniae

277 1199 419 1262 eundem
440 1209 473 1259 et
495 1196 682 1280 Euphraten
703 1195 878 1282 restagnare
902 1211 935 1260 et
959 1217 1052 1283 agroe
1072 1202 1193 1284 rigare,
1223 1205 1298 1266 cuiue

277 1301 396 1364 modne
410 1318 510 1362 manu
526 1311 730 1383 temperetur,
754 1296 851 1362 refert
864 1299 952 1362 idem
968 1301 1052 1363 Plin.
1071 1315 1128 1380 18.
1143 1301 1233 1381 llll·
1252 1315 1297 1380 ιθ.

275 1403 370 1466 Idem
399 1401 472 1463 loeo
503 1400 654 1485 superiori
679 1401 719 1464 lic
744 1403 864 1485 pergit:
919 1398 984 1463 Udi
1007 1423 1180 1465 remeavere
1204 1425 1297 1485 aqum,

277 1499 452 1597 Pafitr'grir
469 1503 660 1583 appellatur.
687 1499 800 1596 Passea
816 1503 928 1582 recipit
945 1523 985 1564 ex
997 1503 1114 1565 Media
1129 1497 1296 1596 Clrunspem.

278 1617 393 1690 atque,
419 1607 501 1667 latter
517 1604 686 1666 Seleuciam
704 1617 735 1664 et
759 1600 994 1695 Gtestplrorttem
1017 1617 1149 1677 vectus,
1174 1609 1206 1666 in
1226 1607 1299 1668 laerte

238 1715 241 1726 “
280 1703 476 1772 Chaldaicos
490 1697 676 1797 sostendit.
701 1725 813 1788 corpere
828 1719 874 1780 70
894 1705 946 1768 M.
963 1707 1004 1770 Ρ.
1028 1707 1234 1786 arrrplt'tudine
1253 1711 1299 1768 im·

278 1808 362 1891 ptem
394 1829 470 1869 errore
489 1805 583 1901 vasso
607 1809 696 1870 alveo
717 1798 871 1898 profusus
891 1805 1007 1868 dextre
1026 1805 1184 1869 Characis
1204 1807 1299 1889 oppidi

280 1901 421 2000 infertur
441 1911 523 1971 nturi
535 1905 661 2000 Perfice
681 1927 722 1973 to
740 1908 792 1969 M.
809 1909 848 1970 P.
869 1927 932 1970 ore.
965 1909 1049 1969 Huic
1063 1911 1237 1970 narrationi
1256 1929 1299 1970 va·

278 2012 346 2073 riae
362 2011 557 2072 obiiciuntur
572 2009 700 2070 aliunde
719 2005 934 2072 difficultatee.
984 2009 1110 2074 Plinius
1131 2008 1298 2101 Pafitigrirr

277 2132 318 2176 ert
335 2113 442 2196 Tigrin
457 2113 557 2174 alveis
573 2109 761 2173 coeuntibus
776 2109 884 2184 efficit,
903 2123 937 2174 et
954 2111 993 2172 stc
1006 2112 1046 2171 ad
1062 2112 1191 2194 plenem
1207 2113 1298 2196 Tigris

278 2233 394 2296 aquarn
409 2215 586 2294 conlectam
602 2233 723 2275 nomen
739 2224 880 2276 revocat.
930 2212 1010 2282 dlii.
1031 2227 1170 2274 notante
1187 2213 1298 2275 Suebo·

277 2334 320 2377 ue
340 2326 395 2391 15.
416 2335 448 2398 p.
468 2327 552 2394 501.
570 2313 592 2377 i.
609 2329 694 2394 729.
713 2315 838 2398 Tigrim
858 2332 958 2396 prope
974 2313 1048 2376 uilia
1069 2315 1111 2376 fic
1128 2316 1232 2377 vocari
1253 2332 1298 2376 vo·

277 2416 423 2488 luerunt,
456 2437 530 2479 euru
552 2435 665 2480 omuee
688 2435 728 2477 ex
751 2415 881 2477 Sulraua
898 2415 1101 2480 decurrentes
1123 2418 1214 2479 fluvii
1235 2434 1297 2496 enm

276 2519 453 2580 interiectis
470 2518 645 2600 Euphratie
660 2514 746 2579 soffia
760 2519 794 2578 in
807 2517 932 2601 Tigrim
949 2518 1105 2582 coierunt.
1159 2517 1225 2600 lple
1240 2516 1298 2600 post

274 2631 443 2700 tamquam
459 2619 647 2703 iugularem
668 2619 806 2680 durium
829 2619 991 2702 producit,
1026 2623 1081 2700 rpui
1103 2622 1138 2681 in
1154 2620 1297 2682 Uxiorum

275 2723 407 2805 regione
427 2722 557 2783 oriatur.
610 2719 780 2784 Consentit
801 2718 931 2783 Cuttiae
947 2731 979 2797 5,
1000 2733 1033 2800 3.
1049 2721 1094 2783 in.
1119 2735 1152 2785 et
1169 2723 1223 2802 qui
1237 2720 1297 2781 tim·

274 2822 401 2908 pliciter
424 2822 515 2884 iilum
534 2823 659 2906 Tigrim
677 2823 844 2893 nominat,
875 2819 1022 2903 utsupra
1044 2823 1121 2885 dixi.
1176 2822 1297 2883 Diodor.

281 2934 336 3000 17,
355 2925 415 3001 67.
435 2927 469 2985 in
485 2923 645 2988 Perficum
663 2925 764 2984 smum
784 2935 947 2986 exonerat.
986 2923 1187 3006 singularem
1209 2925 1297 2983 etiam

275 3025 414 3088 fluvium
431 3023 610 3111 Paittigrim
626 3023 700 3087 lacit
717 3023 880 3086 Nearchue
895 3043 927 3105 p.
943 3043 988 3087 m.
1001 3037 1058 3104 37.
1082 3027 1166 3107 apud
1186 3025 1296 3086 Arrian.

273 3128 309 3188 in
325 3129 443 3190 iudicia
459 3145 527 3208 cap.
542 3141 603 3204 42.
631 3129 686 3210 qui
708 3127 743 3187 in
765 3145 854 3188 mare
868 3140 1030 3197 excurrat,
1055 3127 1141 3188 unde
1161 3139 1296 3187 revertur

273 3227 328 3291 ille
346 3228 421 3291 Saia
436 3224 539 3292 subiit.
566 3229 743 3291 Remotum
758 3227 848 3288 illum
866 3223 954 3288 inille
968 3224 1008 3287 ab
1024 3227 1196 3309 Euphratie
1211 3225 1295 3294 oiliir.

272 3327 350 3391 inde
366 3331 512 3412 adparet,
538 3330 624 3411 quod
639 3343 724 3392 retro
746 3331 957 3413 navigarunt,
983 3340 1018 3388 ut
1037 3329 1248 3390 Alexandrum
1266 3328 1295 3386 iu

272 3431 402 3494 Sullana
417 3431 603 3516 iungerent.
630 3451 689 3494 nee
704 3450 723 3491 a
737 3431 829 3515 Tigri
845 3427 921 3490 Susa
943 3429 1102 3510 perveniri
1120 3427 1229 3512 potest.
1261 3427 1295 3488 Iu

272 3530 340 3613 iplo
356 3529 448 3593 curin
465 3551 561 3614 porro
578 3533 618 3596 ad
632 3533 757 3596 laevam
771 3530 952 3592 babuerunt
968 3529 1145 3600 Sullanam,
1167 3542 1294 3614 praeter·

272 3635 421 3715 vectique
444 3630 659 3705 [antinoum.
691 3635 726 3694 in
743 3651 838 3715 quem
853 3632 961 3716 Tigrie
980 3629 1012 3694 le
1033 3630 1190 3702 infundit,
1215 3629 1293 3692 cuiue

272 3747 306 3796 et
332 3731 458 3797 Pliniue
484 3733 576 3819 snpra
601 3735 763 3798 meminit.
820 3731 950 3798 Praeter
974 3751 1064 3795 oram
1090 3733 1236 3798 Sulianae
1258 3727 1292 3790 ad

271 3833 434 3922 Paitigrie
448 3839 569 3899 exitum
585 3837 749 3922 navigatio
761 3831 823 3896 fuit
833 3851 930 3898 eooo
943 3832 1124 3905 stadiorum,
1140 3837 1162 3896 i.
1182 3853 1209 3896 e.
1227 3838 1289 3908 255

272 3935 321 4000 M.
339 3934 378 4001 P.
417 3938 459 4000 tt
474 3939 656 4002 Marcianus
671 3959 703 4020 p.
719 3958 764 3999 m.
781 3947 836 4013 18.
855 3935 1031 4020 aTigridie
1047 3935 1130 3998 olliie
1146 3934 1185 3996 ad
1203 3933 1291 3996 Oroa-

153 4079 156 4086 ,
270 4037 338 4098 tida
360 4039 515 4114 fluvium,
540 4044 627 4104 unde
643 4039 776 4105 Periidie
798 4038 841 4100 eil
863 4038 1011 4108 initium.
1037 4033 1113 4098 facit
1136 4049 1228 4116 3430
1244 4033 1289 4095 lle·

272 4137 412 4209 diorum,
433 4141 455 4204 i.
473 4161 502 4204 e.
522 4152 596 4226 429
613 4141 660 4205 M.
671 4141 708 4205 P.
734 4160 753 4202 a
768 4158 832 4222 quo
846 4158 961 4223 pamm
977 4139 1097 4201 recedit
1107 4137 1220 4201 Strabo
1241 4143 1286 4211 ¹5·
