2650 4896
292 415 357 486 eol
564 403 725 466 norea
765 377 1072 463 axaourr‘crra

294 578 492 646 incluserint.
530 579 584 644 Sic
606 591 690 642 certe
714 577 866 663 Iosephus
889 579 1009 661 antiqu.
1028 577 1103 643 lud.
1121 595 1153 649 1,
1168 577 1201 648 6,
1216 579 1274 658 (7.)
1287 586 1316 660 4.

294 685 334 750 ab
350 684 463 746 Elamo
480 682 570 743 ducit
584 681 760 751 Elamaeoe.
787 699 870 762 quos
888 679 1021 768 Περσῶν
1038 677 1116 741 iacit
1137 673 1316 768 ἀρχηγέτας.

296 787 389 849 Idem
411 783 457 844 ibi
480 801 515 864 9,
541 795 597 862 14,
621 795 654 860 5.
679 781 814 858 Χουθᾶς
837 777 953 870 χώρας
975 776 1007 845 ἑν
1032 782 1078 868 ni
1104 776 1232 868 Περσίδι
1254 781 1318 842 facit

295 888 515 956 mentionem,
557 897 591 946 et
614 883 707 946 fluvii
737 885 959 969 cognomiuie.
994 885 1082 946 unde
1110 881 1317 946 Salmanaiarer

295 989 428 1052 colonoe
452 988 486 1048 in
511 999 634 1070 captam
660 999 694 1048 et
720 985 913 1048 denudatam
944 987 1057 1048 incolir
1078 985 1248 1048 Samariam
1273 986 1317 1045 de·

295 1088 397 1154 duxit.
448 1088 524 1152 Alia
548 1085 649 1150 adfert
672 1087 858 1150 Herodotus
875 1099 908 1164 7,
933 1089 991 1152 61.
1018 1105 1083 1168 quo
1107 1099 1231 1148 auctore
1251 1085 1316 1145 olim

296 1192 372 1253 dicti
388 1188 459 1251 [unt
475 1187 583 1253 Persae
600 1186 752 1274 Κηφῆνες
776 1209 793 1250 a
818 1189 959 1260 Graecie‚
990 1209 1006 1249 a
1029 1186 1058 1250 ie
1077 1188 1150 1272 ipiie
1172 1200 1204 1247 et
1222 1185 1317 1246 accolit

294 1288 449 1380 'Apruion
479 1291 564 1355 Cum
579 1289 683 1373 postea
694 1288 824 1353 Persem
837 1292 874 1351 ad
887 1289 1052 1372 Cepheum
1070 1267 1213 1356 venisset,
1228 1287 1318 1348 ducta·

296 1413 358 1477 que
379 1394 447 1456 eiua
469 1393 531 1454 nlla
554 1393 764 1457 Andromeda
785 1390 900 1453 Persen
925 1393 1026 1454 lilium
1054 1388 1242 1472 suscepisset,
1270 1405 1317 1448 no·

295 1515 372 1559 men
389 1495 428 1556 ab
452 1494 515 1556 hoc
535 1491 635 1554 sortiti
658 1491 728 1554 suot
746 1492 883 1555 Perl'ae.¹
914 1490 964 1556 Cf.
983 1493 1080 1555 etiam
1104 1511 1172 1574 cap.
1196 1502 1268 1567 ¹5⁰·
1288 1502 1316 1549 et

296 1597 477 1679 Stephanae
493 1593 547 1656 sub
565 1616 596 1658 v.
612 1591 752 1682 Πέρσαι,
785 1595 867 1677 apud
891 1613 987 1676 quem
1010 1607 1120 1654 tamen
1138 1591 1248 1652 Medea
1268 1607 1315 1671 pm

295 1697 522 1768 Andromeda,
548 1697 635 1777 quod
656 1710 740 1758 recte
757 1696 853 1759 habet
867 1694 888 1758 l.
906 1715 938 1758 v.
956 1691 1119 1758 Χαλδαῖοι
1140 1705 1171 1754 et
1190 1687 1315 1780 Ἀρταῖοι,

296 1814 330 1864 et
349 1819 427 1882 quae
445 1799 586 1883 conlegit
602 1797 729 1860 llerlrel.
748 1799 786 1858 ad
801 1797 954 1881 Stephon.
971 1817 1004 1881 p.
1019 1809 1105 1874 1118.
1158 1796 1316 1873 Utrumque

296 1899 413 1965 fabulis
429 1898 567 1962 accenset
577 1899 752 1962 Bochartua
767 1919 794 1959 c.
810 1899 832 1961 Ι.
850 1912 883 1961 et
895 1901 1040 1968 Artemi.
1058 1898 1227 1980 principes.
1248 1891 1316 1974 opti·

295 2017 397 2065 males
416 2001 475 2062 elle
496 2001 673 2064 contendit.
726 2005 757 2064 A
774 1999 886 2063 Perseo
910 2000 1011 2070 dictos
1027 2012 1124 2083 negat
1141 1999 1233 2059 etiam
1247 1996 1316 2076 Agr·

297 2103 476 2165 thurchidee
491 2105 530 2164 de
546 2104 623 2164 mari
639 2099 735 2164 rubro
752 2121 817 2182 cap.
832 2115 864 2180 3.
882 2121 913 2182 p.
931 2111 964 2177 5.
981 2096 1134 2186 (Pluris.)
1161 2087 1316 2186 Cltorsaror

296 2204 457 2284 aScytlriu
477 2217 605 2268 vocetoe
625 2202 702 2274 effe.
730 2201 834 2263 scribit
856 2203 979 2264 Plinius
994 2204 1026 2272 6,
1051 2219 1106 2281 ¹9·
1126 2197 1146 2263 s.
1170 2214 1220 2273 17.
1242 2211 1270 2257 et
1283 2211 1314 2255 er

296 2325 337 2370 eo
353 2306 455 2368 Solio.
474 2325 501 2368 c.
517 2318 578 2383 52.
599 2303 621 2368 i.
638 2316 698 2384 49.
725 2305 808 2386 quod
829 2303 936 2387 probri
956 2301 1043 2366 causa
1064 2301 1185 2364 factum
1208 2299 1314 2362 arbitra·

231 2451 245 2482 ,
297 2421 348 2470 tur
371 2407 544 2470 Bochartue
558 2427 584 2470 c.
602 2409 622 2468 l.
646 2421 843 2492 repugnante
862 2407 1028 2468 Harduino
1049 2407 1089 2467 ad
1108 2405 1245 2466 Plinium
1261 2417 1281 2458 c.
1296 2396 1313 2457 l.

296 2509 395 2574 Aliud
418 2528 538 2570 nomen
563 2509 655 2578 eddi,
689 2507 728 2570 ab
749 2510 954 2572 Achaenrene
976 2505 1077 2590 prisco
1096 2505 1237 2587 quodam
1254 2517 1314 2581 rege

297 2611 453 2693 petitum,
494 2623 585 2670 notat
608 2609 762 2673 Cellariue
786 2611 819 2671 io
846 2610 1043 2694 Geographia
1069 2621 1137 2670 ant.
1160 2621 1193 2685 3,
1220 2619 1266 2681 19.
1286 2613 1311 2660 u·

276 2712 377 2773 'inde
396 2711 483 2772 enirn
500 2711 717 2774 Achaemenio
735 2711 843 2781 Periit,
869 2709 921 2772 reu
937 2731 1005 2794 pare
1022 2711 1100 2780 eine,
1126 2707 1184 2770 l'ec.
1203 2702 1314 2785 Stepha-

296 2833 378 2874 num
396 2813 428 2874 h.
449 2832 483 2874 r.
521 2811 616 2874 Certe
630 2811 865 2876 Achaemeniae
880 2813 912 2872 in
928 2814 1029 2895 poetic
1046 2827 1104 2892 pro
1121 2807 1255 2872 Persicus
1268 2801 1313 2862 ire·

297 2927 483 2996 quentrtur.
509 2913 562 2978 etii
579 2915 684 2996 potine
700 2892 819 2974 tribum
839 2914 976 2976 indicare
990 2913 1119 2976 ridetur
1134 2910 1217 2994 apud
1231 2904 1315 2968 Peior·

296 3017 423 3100 gardas,
450 3015 525 3076 teste
543 3016 711 3076 Herodoto
731 3034 758 3084 1,
779 3027 860 3092 1115.
885 3015 971 3096 quod
994 3031 1114 3076 nomen
1138 3007 1313 3096 patronymi-

297 3137 371 3178 cum
393 3117 432 3176 ab
456 3117 673 3186 Achaemene,
697 3113 801 3176 Persei
821 3128 950 3198 nepote,
977 3116 1065 3177 unde
1087 3115 1218 3177 Perfudit
1240 3123 1311 3191 reget

297 3218 358 3280 orti
375 3216 455 3280 lunt.
492 3219 562 3279 vid.
579 3216 706 3280 Salmas.
721 3218 758 3277 ad
780 3217 882 3281 Solio.
905 3237 972 3300 cap.
990 3231 1048 3294 57.
1066 3216 1086 3278 Γ.
1104 3227 1164 3296 54.
1190 3225 1219 3275 et
1235 3208 1310 3287 Hyde

296 3318 330 3379 in
348 3318 418 3380 hili.
433 3318 522 3402 relig.
540 3317 625 3383 Pers.
642 3339 673 3400 p.
688 3319 774 3396 416.
799 3317 854 3379 ubi
872 3319 960 3401 plura
976 3317 1118 3380 habebis.
1156 3314 1220 3397 tpla
1231 3308 1311 3375 Perit

296 3421 396 3481 modo
417 3421 522 3482 latiori
545 3417 652 3490 senio,
687 3421 727 3481 de
748 3417 914 3483 Persarum
936 3421 1090 3502 imperio,
1123 3407 1309 3494 velutiapud

295 3517 452 3592 Plinium,
475 3520 640 3584 Ammian.
658 3535 714 3596 23.
734 3521 767 3583 6.
794 3523 879 3604 quod
896 3523 1062 3584 recenlitae
1075 3519 1251 3603 provinciae
1267 3513 1308 3570 do·

243 3617 244 3622 ἵ
297 3635 380 3693 cent,
404 3621 502 3686 modo
517 3621 678 3691 strictiori,
705 3637 743 3682 ut
758 3623 825 3694 hic,
852 3623 892 3684 de
905 3623 1032 3687 Perfide
1042 3624 1172 3706 propria
1190 3616 1306 3700 ponitur.

296 3725 382 3803 quod
417 3723 547 3804 quidem
575 3742 614 3783 ex
646 3725 802 3786 adiunctis
828 3725 963 3785 iudicari
988 3725 1094 3786 debet.
1139 3711 1307 3783 ¹Marcianus

296 3823 392 3886 huius
409 3825 561 3886 terminos
578 3823 618 3886 lic
634 3823 797 3886 constituit
815 3845 846 3906 p.
862 3837 918 3902 18.
935 3823 1063 3910 (Horis.)
1082 3823 1122 3906 lq.
1149 3828 1179 3889 A
1196 3820 1306 3902 septen·

297 3926 401 3986 trione
415 3937 480 3986 erat
494 3925 612 3996 Media,
634 3927 672 3987 ab
688 3923 795 3988 occasu
811 3927 947 3998 Suliena,
969 3926 1007 3986 ab
1020 3928 1144 3987 oriente
1154 3917 1305 3988 carmania.

296 4043 314 4086 a
329 4025 463 4093 meridie
482 4025 564 4088 sanus
578 4027 732 4097 Pedicas,
759 4042 851 4109 atque
873 4027 925 4089 hic
942 4030 1010 4092 eius
1027 4029 1156 4088 initium
1171 4023 1245 4107 petit
1256 4015 1305 4082 lli·

296 4124 368 4187 niue
385 4127 419 4197 6,
441 4135 500 4200 118.
524 4124 544 4191 [.
571 4141 629 4205 25.
658 4147 674 4189 a
698 4129 856 4192 Temlsrea
876 4131 1101 4213 promontorio
1126 4128 1193 4212 pott
1210 4127 1304 4187 Drrrtn
