<?xml version="1.0" encoding="UTF-8"?>
<!DOCTYPE html PUBLIC "-//W3C//DTD XHTML 1.0 Transitional//EN"
    "http://www.w3.org/TR/xhtml1/DTD/xhtml1-transitional.dtd">
<html xmlns="http://www.w3.org/1999/xhtml" xml:lang="en" lang="en">
 <head>
  <title>
</title>
<meta http-equiv="Content-Type" content="text/html;charset=utf-8" />
  <meta name='ocr-system' content='tesseract 3.04.00' />
  <meta name='ocr-capabilities' content='ocr_page ocr_carea ocr_par ocr_line ocrx_word'/>
</head>
<body>
  <div class='ocr_page' id='page_1' title='image "./pomponiimelaede03melagoog_0189.png"; bbox 0 0 2696 4896; ppageno 0'>
   <div class='ocr_carea' id='block_1_1' title="bbox 45 341 1062 476">
    <p class='ocr_par' dir='ltr' id='par_1_1' title="bbox 45 341 1062 476">
     <span class='ocr_line' id='line_1_1' title="bbox 45 341 1062 476; baseline 0.005 -23"><span class='ocrx_word' id='word_1_1' title='bbox 45 341 46 346; x_wconf 8' lang='grc' dir='ltr'><strong><em>Ν</em></strong></span> <span class='ocrx_word' id='word_1_2' title='bbox 166 396 214 457; x_wconf 82' lang='lat' dir='ltr'>ru</span> <span class='ocrx_word' id='word_1_3' title='bbox 235 392 360 454; x_wconf 74' lang='lat' dir='ltr'>tour.</span> <span class='ocrx_word' id='word_1_4' title='bbox 389 391 497 450; x_wconf 76' lang='lat' dir='ltr'>aaut.</span> <span class='ocrx_word' id='word_1_5' title='bbox 539 391 576 450; x_wconf 86' lang='grc' dir='ltr'><strong>ι.</strong></span> <span class='ocrx_word' id='word_1_6' title='bbox 598 395 652 450; x_wconf 88' lang='grc' dir='ltr'><strong>ιιι.</strong></span> <span class='ocrx_word' id='word_1_7' title='bbox 693 393 728 457; x_wconf 88' lang='lat' dir='ltr'>c.</span> <span class='ocrx_word' id='word_1_8' title='bbox 748 394 810 454; x_wconf 65' lang='lat' dir='ltr'>v1.⁴</span> <span class='ocrx_word' id='word_1_9' title='bbox 841 395 921 465; x_wconf 66' lang='lat' dir='ltr'>tn.</span> <span class='ocrx_word' id='word_1_10' title='bbox 997 405 1062 476; x_wconf 62' lang='lat' dir='ltr'>nr</span> 
     </span>
    </p>
   </div>
   <div class='ocr_carea' id='block_1_2' title="bbox 61 561 1057 1366">
    <p class='ocr_par' dir='ltr' id='par_1_2' title="bbox 61 561 1057 1366">
     <span class='ocr_line' id='line_1_2' title="bbox 61 561 1057 650; baseline -0.002 -15"><span class='ocrx_word' id='word_1_11' title='bbox 61 573 211 635; x_wconf 71' lang='lat' dir='ltr'>Hecataeus</span> <span class='ocrx_word' id='word_1_12' title='bbox 228 579 331 629; x_wconf 85' lang='lat' dir='ltr'>autem</span> <span class='ocrx_word' id='word_1_13' title='bbox 348 563 436 648; x_wconf 85' lang='lat' dir='ltr'>apud</span> <span class='ocrx_word' id='word_1_14' title='bbox 456 561 583 630; x_wconf 74' lang='lat' dir='ltr'>Arrian.</span> <span class='ocrx_word' id='word_1_15' title='bbox 607 565 649 630; x_wconf 86' lang='lat' dir='ltr'>de</span> <span class='ocrx_word' id='word_1_16' title='bbox 669 565 785 650; x_wconf 87' lang='lat' dir='ltr'>exped.</span> <span class='ocrx_word' id='word_1_17' title='bbox 805 584 837 638; x_wconf 84' lang='lat' dir='ltr'>o,</span> <span class='ocrx_word' id='word_1_18' title='bbox 859 569 914 632; x_wconf 79' lang='lat'>16.</span> <span class='ocrx_word' id='word_1_19' title='bbox 938 585 972 632; x_wconf 87' lang='lat' dir='ltr'>et</span> <span class='ocrx_word' id='word_1_20' title='bbox 990 571 1057 633; x_wconf 88' lang='lat' dir='ltr'>En-</span> 
     </span>
     <span class='ocr_line' id='line_1_3' title="bbox 62 663 1056 754; baseline 0.001 -20"><span class='ocrx_word' id='word_1_21' title='bbox 62 673 129 736; x_wconf 78' lang='lat' dir='ltr'>l&#39;tatlu</span> <span class='ocrx_word' id='word_1_22' title='bbox 148 668 184 730; x_wconf 88' lang='lat' dir='ltr'>ad</span> <span class='ocrx_word' id='word_1_23' title='bbox 201 665 327 747; x_wconf 78' lang='lat' dir='ltr'>Dionyt</span> <span class='ocrx_word' id='word_1_24' title='bbox 345 689 372 730; x_wconf 86' lang='grc'><strong>0.</strong></span> <span class='ocrx_word' id='word_1_25' title='bbox 392 669 413 730; x_wconf 89' lang='lat' dir='ltr'>l.</span> <span class='ocrx_word' id='word_1_26' title='bbox 439 663 628 751; x_wconf 85' lang='lat' dir='ltr'>simpliciter</span> <span class='ocrx_word' id='word_1_27' title='bbox 654 668 694 730; x_wconf 89' lang='lat' dir='ltr'>ab</span> <span class='ocrx_word' id='word_1_28' title='bbox 722 669 895 732; x_wconf 86' lang='lat' dir='ltr'>iberorum</span> <span class='ocrx_word' id='word_1_29' title='bbox 919 667 1056 754; x_wconf 80' lang='lat' dir='ltr'>regione</span> 
     </span>
     <span class='ocr_line' id='line_1_4' title="bbox 61 765 1056 856; baseline 0.001 -21"><span class='ocrx_word' id='word_1_30' title='bbox 61 773 177 836; x_wconf 82' lang='lat' dir='ltr'>fabulam</span> <span class='ocrx_word' id='word_1_31' title='bbox 189 784 377 831; x_wconf 87' lang='lat' dir='ltr'>revocarunt</span> <span class='ocrx_word' id='word_1_32' title='bbox 397 781 430 830; x_wconf 88' lang='lat' dir='ltr'>et</span> <span class='ocrx_word' id='word_1_33' title='bbox 444 767 486 830; x_wconf 90' lang='lat' dir='ltr'>ad</span> <span class='ocrx_word' id='word_1_34' title='bbox 501 765 702 832; x_wconf 86' lang='lat' dir='ltr'>continentis</span> <span class='ocrx_word' id='word_1_35' title='bbox 723 771 834 832; x_wconf 88' lang='lat' dir='ltr'>locutu</span> <span class='ocrx_word' id='word_1_36' title='bbox 853 789 956 856; x_wconf 86' lang='lat' dir='ltr'>prope</span> <span class='ocrx_word' id='word_1_37' title='bbox 979 774 1056 836; x_wconf 80' lang='lat' dir='ltr'>tm-</span> 
     </span>
     <span class='ocr_line' id='line_1_5' title="bbox 63 866 1054 954; baseline 0 -17"><span class='ocrx_word' id='word_1_38' title='bbox 63 870 173 938; x_wconf 85' lang='lat' dir='ltr'>brttiain</span> <span class='ocrx_word' id='word_1_39' title='bbox 187 885 217 932; x_wconf 88' lang='lat' dir='ltr'>et</span> <span class='ocrx_word' id='word_1_40' title='bbox 229 866 463 954; x_wconf 77' lang='lat' dir='ltr'><strong>Amphilochos</strong></span> <span class='ocrx_word' id='word_1_41' title='bbox 486 873 731 934; x_wconf 78' lang='lat' dir='ltr'>transtulerunt.</span> <span class='ocrx_word' id='word_1_42' title='bbox 764 868 934 936; x_wconf 70' lang='lat' dir='ltr'>Cierium</span> <span class='ocrx_word' id='word_1_43' title='bbox 954 875 1054 938; x_wconf 81' lang='lat' dir='ltr'>Arato·</span> 
     </span>
     <span class='ocr_line' id='line_1_6' title="bbox 63 968 1052 1055; baseline -0.001 -17"><span class='ocrx_word' id='word_1_44' title='bbox 63 974 108 1038; x_wconf 84' lang='lat' dir='ltr'>riu</span> <span class='ocrx_word' id='word_1_45' title='bbox 119 968 181 1036; x_wconf 88' lang='lat' dir='ltr'>Lib.</span> <span class='ocrx_word' id='word_1_46' title='bbox 198 992 222 1033; x_wconf 79' lang='grc'><strong>0</strong></span> <span class='ocrx_word' id='word_1_47' title='bbox 235 981 269 1048; x_wconf 90' lang='grc'><strong>4.</strong></span> <span class='ocrx_word' id='word_1_48' title='bbox 295 969 404 1034; x_wconf 82' lang='lat' dir='ltr'>Niclaa</span> <span class='ocrx_word' id='word_1_49' title='bbox 420 971 460 1032; x_wconf 90' lang='lat' dir='ltr'>ad</span> <span class='ocrx_word' id='word_1_50' title='bbox 469 969 594 1034; x_wconf 82' lang='lat' dir='ltr'>Aristot.</span> <span class='ocrx_word' id='word_1_51' title='bbox 605 973 646 1034; x_wconf 82' lang='lat' dir='ltr'>tle</span> <span class='ocrx_word' id='word_1_52' title='bbox 659 969 775 1036; x_wconf 89' lang='lat' dir='ltr'>ntirab.</span> <span class='ocrx_word' id='word_1_53' title='bbox 786 973 919 1036; x_wconf 88' lang='lat' dir='ltr'>auscult.</span> <span class='ocrx_word' id='word_1_54' title='bbox 929 995 957 1039; x_wconf 87' lang='lat' dir='ltr'>c.</span> <span class='ocrx_word' id='word_1_55' title='bbox 973 987 1052 1055; x_wconf 85' lang='grc' dir='ltr'><strong>ι45.</strong></span> 
     </span>
     <span class='ocr_line' id='line_1_7' title="bbox 63 1069 1051 1161; baseline 0.006 -26"><span class='ocrx_word' id='word_1_56' title='bbox 63 1070 137 1161; x_wconf 81' lang='lat' dir='ltr'>etqui</span> <span class='ocrx_word' id='word_1_57' title='bbox 149 1069 229 1134; x_wconf 85' lang='lat' dir='ltr'>idem</span> <span class='ocrx_word' id='word_1_58' title='bbox 243 1069 415 1134; x_wconf 86' lang='lat' dir='ltr'>contendit</span> <span class='ocrx_word' id='word_1_59' title='bbox 427 1074 581 1137; x_wconf 86' lang='lat' dir='ltr'>Bochart.</span> <span class='ocrx_word' id='word_1_60' title='bbox 598 1070 635 1134; x_wconf 91' lang='lat' dir='ltr'>in</span> <span class='ocrx_word' id='word_1_61' title='bbox 653 1073 810 1136; x_wconf 84' lang='lat' dir='ltr'>Chanaan</span> <span class='ocrx_word' id='word_1_62' title='bbox 829 1097 859 1147; x_wconf 89' lang='grc' dir='ltr'>ι,</span> <span class='ocrx_word' id='word_1_63' title='bbox 876 1086 934 1156; x_wconf 98' lang='grc'>34.</span> <span class='ocrx_word' id='word_1_64' title='bbox 949 1086 1051 1156; x_wconf 62' lang='lat' dir='ltr'>etur.</span> 
     </span>
     <span class='ocr_line' id='line_1_8' title="bbox 61 1169 1051 1259; baseline 0.002 -19"><span class='ocrx_word' id='word_1_65' title='bbox 61 1178 92 1240; x_wconf 84' lang='lat' dir='ltr'>ld</span> <span class='ocrx_word' id='word_1_66' title='bbox 106 1170 189 1239; x_wconf 85' lang='lat' dir='ltr'><strong>Ponti</strong></span> <span class='ocrx_word' id='word_1_67' title='bbox 207 1175 321 1236; x_wconf 86' lang='lat' dir='ltr'>urbem</span> <span class='ocrx_word' id='word_1_68' title='bbox 344 1169 572 1236; x_wconf 85' lang='lat' dir='ltr'>Tricareniam</span> <span class='ocrx_word' id='word_1_69' title='bbox 593 1172 692 1236; x_wconf 81' lang='lat' dir='ltr'>refert</span> <span class='ocrx_word' id='word_1_70' title='bbox 712 1175 928 1259; x_wconf 76' lang='lat' dir='ltr'>Palaephatus</span> <span class='ocrx_word' id='word_1_71' title='bbox 945 1198 973 1241; x_wconf 90' lang='lat' dir='ltr'>c.</span> <span class='ocrx_word' id='word_1_72' title='bbox 995 1189 1051 1256; x_wconf 97' lang='grc'><strong>95.</strong></span> 
     </span>
     <span class='ocr_line' id='line_1_9' title="bbox 62 1270 963 1366; baseline 0.003 -28"><span class='ocrx_word' id='word_1_73' title='bbox 62 1295 127 1364; x_wconf 78' lang='lat' dir='ltr'>atque</span> <span class='ocrx_word' id='word_1_74' title='bbox 143 1271 216 1337; x_wconf 84' lang='lat' dir='ltr'>hinc</span> <span class='ocrx_word' id='word_1_75' title='bbox 230 1275 359 1340; x_wconf 67' lang='lat' dir='ltr'>mulam</span> <span class='ocrx_word' id='word_1_76' title='bbox 375 1270 603 1360; x_wconf 81' lang='lat' dir='ltr'>adpellationia</span> <span class='ocrx_word' id='word_1_77' title='bbox 625 1271 812 1366; x_wconf 67' lang='lat' dir='ltr'>rptadprytog</span> <span class='ocrx_word' id='word_1_78' title='bbox 830 1277 963 1341; x_wconf 82' lang='lat' dir='ltr'>arcessat.</span> 
     </span>
    </p>
   </div>
   <div class='ocr_carea' id='block_1_3' title="bbox 63 1470 1050 1662">
    <p class='ocr_par' dir='ltr' id='par_1_3' title="bbox 63 1470 1050 1662">
     <span class='ocr_line' id='line_1_10' title="bbox 104 1470 1050 1570; baseline 0.002 -28"><span class='ocrx_word' id='word_1_79' title='bbox 104 1470 328 1570; x_wconf 78' lang='lat' dir='ltr'>frumenta)</span> <span class='ocrx_word' id='word_1_80' title='bbox 379 1473 434 1542; x_wconf 85' lang='lat' dir='ltr'>Sic</span> <span class='ocrx_word' id='word_1_81' title='bbox 453 1492 488 1540; x_wconf 92' lang='lat' dir='ltr'>et</span> <span class='ocrx_word' id='word_1_82' title='bbox 504 1475 583 1540; x_wconf 91' lang='lat' dir='ltr'>alibi</span> <span class='ocrx_word' id='word_1_83' title='bbox 603 1474 639 1539; x_wconf 88' lang='lat' dir='ltr'>in</span> <span class='ocrx_word' id='word_1_84' title='bbox 658 1476 779 1563; x_wconf 76' lang='lat' dir='ltr'>plurali</span> <span class='ocrx_word' id='word_1_85' title='bbox 796 1477 950 1544; x_wconf 87' lang='lat' dir='ltr'>occurrit.</span> <span class='ocrx_word' id='word_1_86' title='bbox 977 1477 1050 1544; x_wconf 87' lang='lat' dir='ltr'>Viri.</span> 
     </span>
     <span class='ocr_line' id='line_1_11' title="bbox 63 1579 862 1662; baseline 0.001 -18"><span class='ocrx_word' id='word_1_87' title='bbox 63 1579 230 1662; x_wconf 77' lang='lat' dir='ltr'>Oudendorp.</span> <span class='ocrx_word' id='word_1_88' title='bbox 247 1579 289 1642; x_wconf 88' lang='lat' dir='ltr'>ad</span> <span class='ocrx_word' id='word_1_89' title='bbox 305 1579 367 1642; x_wconf 90' lang='lat' dir='ltr'>lul.</span> <span class='ocrx_word' id='word_1_90' title='bbox 384 1579 474 1643; x_wconf 83' lang='lat' dir='ltr'>Caes.</span> <span class='ocrx_word' id='word_1_91' title='bbox 492 1579 533 1642; x_wconf 86' lang='lat' dir='ltr'>de</span> <span class='ocrx_word' id='word_1_92' title='bbox 544 1579 583 1642; x_wconf 88' lang='grc' dir='ltr'>Β.</span> <span class='ocrx_word' id='word_1_93' title='bbox 599 1580 637 1642; x_wconf 91' lang='lat' dir='ltr'>G.</span> <span class='ocrx_word' id='word_1_94' title='bbox 656 1595 690 1660; x_wconf 82' lang='grc'><strong>3,</strong></span> <span class='ocrx_word' id='word_1_95' title='bbox 712 1597 767 1643; x_wconf 91' lang='grc'><strong>90.</strong></span> <span class='ocrx_word' id='word_1_96' title='bbox 782 1596 862 1646; x_wconf 79' lang='lat' dir='ltr'>extr.</span> 
     </span>
    </p>
   </div>
   <div class='ocr_carea' id='block_1_4' title="bbox 45 1776 1157 4097">
    <p class='ocr_par' dir='ltr' id='par_1_4' title="bbox 45 1776 1157 4097">
     <span class='ocr_line' id='line_1_12' title="bbox 108 1776 1052 1868; baseline 0.001 -25"><span class='ocrx_word' id='word_1_97' title='bbox 108 1781 315 1865; x_wconf 75' lang='lat' dir='ltr'>recidivis)</span> <span class='ocrx_word' id='word_1_98' title='bbox 367 1783 461 1868; x_wconf 83' lang='lat' dir='ltr'>Quae</span> <span class='ocrx_word' id='word_1_99' title='bbox 487 1776 661 1854; x_wconf 84' lang='lat' dir='ltr'>excidunt,</span> <span class='ocrx_word' id='word_1_100' title='bbox 697 1779 751 1844; x_wconf 88' lang='lat' dir='ltr'>sed</span> <span class='ocrx_word' id='word_1_101' title='bbox 783 1782 1052 1846; x_wconf 87' lang='lat' dir='ltr'>renascunturet</span> 
     </span>
     <span class='ocr_line' id='line_1_13' title="bbox 63 1881 1051 1966; baseline 0 -22"><span class='ocrx_word' id='word_1_102' title='bbox 63 1882 260 1966; x_wconf 83' lang='lat' dir='ltr'>plautamsuam</span> <span class='ocrx_word' id='word_1_103' title='bbox 274 1881 466 1948; x_wconf 83' lang='lat' dir='ltr'>instaurant.</span> <span class='ocrx_word' id='word_1_104' title='bbox 516 1885 568 1945; x_wconf 87' lang='lat' dir='ltr'>De</span> <span class='ocrx_word' id='word_1_105' title='bbox 587 1884 650 1947; x_wconf 89' lang='lat' dir='ltr'>hac</span> <span class='ocrx_word' id='word_1_106' title='bbox 663 1901 746 1947; x_wconf 82' lang='lat' dir='ltr'>voce</span> <span class='ocrx_word' id='word_1_107' title='bbox 762 1881 831 1946; x_wconf 88' lang='lat' dir='ltr'>vid.</span> <span class='ocrx_word' id='word_1_108' title='bbox 845 1886 991 1948; x_wconf 85' lang='lat' dir='ltr'>Gronov.</span> <span class='ocrx_word' id='word_1_109' title='bbox 1008 1881 1051 1944; x_wconf 88' lang='lat' dir='ltr'>ad</span> 
     </span>
     <span class='ocr_line' id='line_1_14' title="bbox 62 1976 1050 2076; baseline -0.001 -29"><span class='ocrx_word' id='word_1_110' title='bbox 62 1987 136 2048; x_wconf 78' lang='lat' dir='ltr'>leuto</span> <span class='ocrx_word' id='word_1_111' title='bbox 146 1984 257 2048; x_wconf 84' lang='lat' dir='ltr'>Troad.</span> <span class='ocrx_word' id='word_1_112' title='bbox 273 2007 307 2048; x_wconf 85' lang='lat' dir='ltr'>v.</span> <span class='ocrx_word' id='word_1_113' title='bbox 317 1995 403 2064; x_wconf 87' lang='grc'><strong>479.</strong></span> <span class='ocrx_word' id='word_1_114' title='bbox 424 1981 481 2047; x_wconf 88' lang='lat' dir='ltr'>ubi</span> <span class='ocrx_word' id='word_1_115' title='bbox 498 1981 655 2070; x_wconf 84' lang='lat' dir='ltr'>explicat:</span> <span class='ocrx_word' id='word_1_116' title='bbox 678 1976 923 2076; x_wconf 53' lang='lat' dir='ltr'>renascenssss</span> <span class='ocrx_word' id='word_1_117' title='bbox 921 1981 1050 2048; x_wconf 86' lang='lat' dir='ltr'>.etiam</span> 
     </span>
     <span class='ocr_line' id='line_1_15' title="bbox 64 2083 1050 2170; baseline 0.003 -26"><span class='ocrx_word' id='word_1_118' title='bbox 64 2087 122 2148; x_wconf 83' lang='lat' dir='ltr'>leh</span> <span class='ocrx_word' id='word_1_119' title='bbox 134 2107 160 2147; x_wconf 84' lang='lat' dir='ltr'>r.</span> <span class='ocrx_word' id='word_1_120' title='bbox 175 2083 333 2149; x_wconf 82' lang='lat' dir='ltr'>Gesner.</span> <span class='ocrx_word' id='word_1_121' title='bbox 324 2086 452 2150; x_wconf 78' lang='lat' dir='ltr'>anthes.</span> <span class='ocrx_word' id='word_1_122' title='bbox 470 2089 538 2150; x_wconf 86' lang='lat' dir='ltr'>Lat.</span> <span class='ocrx_word' id='word_1_123' title='bbox 558 2088 596 2148; x_wconf 89' lang='lat' dir='ltr'>L</span> <span class='ocrx_word' id='word_1_124' title='bbox 634 2089 662 2148; x_wconf 86' lang='lat' dir='ltr'>F</span> <span class='ocrx_word' id='word_1_125' title='bbox 665 2085 791 2148; x_wconf 85' lang='lat' dir='ltr'>stentm</span> <span class='ocrx_word' id='word_1_126' title='bbox 813 2087 935 2157; x_wconf 82' lang='lat' dir='ltr'>arado,</span> <span class='ocrx_word' id='word_1_127' title='bbox 958 2085 1050 2170; x_wconf 86' lang='lat' dir='ltr'>quod</span> 
     </span>
     <span class='ocr_line' id='line_1_16' title="bbox 64 2183 1051 2274; baseline 0.001 -26"><span class='ocrx_word' id='word_1_128' title='bbox 64 2185 167 2268; x_wconf 72' lang='lat' dir='ltr'>prosodia</span> <span class='ocrx_word' id='word_1_129' title='bbox 183 2189 290 2252; x_wconf 88' lang='lat' dir='ltr'>docet.</span> <span class='ocrx_word' id='word_1_130' title='bbox 328 2183 401 2250; x_wconf 91' lang='lat' dir='ltr'>Vid.</span> <span class='ocrx_word' id='word_1_131' title='bbox 418 2207 502 2274; x_wconf 84' lang='lat' dir='ltr'>quae</span> <span class='ocrx_word' id='word_1_132' title='bbox 519 2186 671 2250; x_wconf 88' lang='lat' dir='ltr'>adserunt</span> <span class='ocrx_word' id='word_1_133' title='bbox 685 2184 853 2250; x_wconf 87' lang='lat' dir='ltr'>viridocti</span> <span class='ocrx_word' id='word_1_134' title='bbox 874 2189 913 2250; x_wconf 88' lang='lat' dir='ltr'>ad</span> <span class='ocrx_word' id='word_1_135' title='bbox 929 2184 1051 2251; x_wconf 88' lang='lat' dir='ltr'>Silium</span> 
     </span>
     <span class='ocr_line' id='line_1_17' title="bbox 63 2285 1051 2360; baseline 0.004 -15"><span class='ocrx_word' id='word_1_136' title='bbox 63 2287 233 2360; x_wconf 49' lang='lat' dir='ltr'>uranon.</span> <span class='ocrx_word' id='word_1_137' title='bbox 299 2291 381 2350; x_wconf 87' lang='lat' dir='ltr'>Eam</span> <span class='ocrx_word' id='word_1_138' title='bbox 403 2309 520 2351; x_wconf 86' lang='lat' dir='ltr'>vocem</span> <span class='ocrx_word' id='word_1_139' title='bbox 550 2287 662 2351; x_wconf 83' lang='lat' dir='ltr'>multis</span> <span class='ocrx_word' id='word_1_140' title='bbox 685 2287 875 2352; x_wconf 80' lang='lat' dir='ltr'>auctoribus</span> <span class='ocrx_word' id='word_1_141' title='bbox 905 2285 1051 2351; x_wconf 82' lang='lat' dir='ltr'>reddidit</span> 
     </span>
     <span class='ocr_line' id='line_1_18' title="bbox 63 2386 1048 2454; baseline 0.004 -6"><span class='ocrx_word' id='word_1_142' title='bbox 63 2386 167 2452; x_wconf 70' lang='lat' dir='ltr'>Heinsius</span> <span class='ocrx_word' id='word_1_143' title='bbox 190 2387 230 2451; x_wconf 90' lang='lat' dir='ltr'>ad</span> <span class='ocrx_word' id='word_1_144' title='bbox 256 2387 436 2452; x_wconf 87' lang='lat' dir='ltr'>Claudiani</span> <span class='ocrx_word' id='word_1_145' title='bbox 463 2386 666 2452; x_wconf 84' lang='lat' dir='ltr'>Phoenicem</span> <span class='ocrx_word' id='word_1_146' title='bbox 689 2413 722 2453; x_wconf 81' lang='lat' dir='ltr'>v.</span> <span class='ocrx_word' id='word_1_147' title='bbox 741 2391 799 2454; x_wconf 86' lang='grc'><strong>66.</strong></span> <span class='ocrx_word' id='word_1_148' title='bbox 826 2406 859 2452; x_wconf 86' lang='lat' dir='ltr'>et</span> <span class='ocrx_word' id='word_1_149' title='bbox 881 2390 1048 2452; x_wconf 83' lang='lat' dir='ltr'>Drakenb.</span> 
     </span>
     <span class='ocr_line' id='line_1_19' title="bbox 63 2487 1049 2575; baseline 0.004 -27"><span class='ocrx_word' id='word_1_150' title='bbox 63 2487 276 2554; x_wconf 65' lang='lat' dir='ltr'>insitante.</span> <span class='ocrx_word' id='word_1_151' title='bbox 301 2494 322 2556; x_wconf 93' lang='lat' dir='ltr'>l.</span> <span class='ocrx_word' id='word_1_152' title='bbox 375 2493 606 2555; x_wconf 82' lang='lat' dir='ltr'>Contmutatur</span> <span class='ocrx_word' id='word_1_153' title='bbox 632 2487 721 2552; x_wconf 87' lang='lat' dir='ltr'>enim</span> <span class='ocrx_word' id='word_1_154' title='bbox 750 2491 842 2575; x_wconf 82' lang='lat' dir='ltr'>saepe</span> <span class='ocrx_word' id='word_1_155' title='bbox 868 2513 945 2554; x_wconf 88' lang='lat' dir='ltr'>cum</span> <span class='ocrx_word' id='word_1_156' title='bbox 972 2489 1049 2553; x_wconf 82' lang='lat' dir='ltr'>redi·</span> 
     </span>
     <span class='ocr_line' id='line_1_20' title="bbox 63 2589 1048 2678; baseline 0.006 -30"><span class='ocrx_word' id='word_1_157' title='bbox 63 2592 128 2654; x_wconf 80' lang='lat' dir='ltr'>rino.</span> <span class='ocrx_word' id='word_1_158' title='bbox 167 2592 215 2656; x_wconf 83' lang='lat' dir='ltr'>cf.</span> <span class='ocrx_word' id='word_1_159' title='bbox 238 2595 353 2678; x_wconf 82' lang='lat' dir='ltr'>laeger</span> <span class='ocrx_word' id='word_1_160' title='bbox 375 2595 415 2655; x_wconf 85' lang='lat' dir='ltr'>ad</span> <span class='ocrx_word' id='word_1_161' title='bbox 437 2613 589 2676; x_wconf 81' lang='lat' dir='ltr'>panegyr.</span> <span class='ocrx_word' id='word_1_162' title='bbox 612 2608 690 2654; x_wconf 79' lang='lat' dir='ltr'>vett.</span> <span class='ocrx_word' id='word_1_163' title='bbox 709 2613 743 2672; x_wconf 77' lang='lat'>9,</span> <span class='ocrx_word' id='word_1_164' title='bbox 765 2606 821 2670; x_wconf 83' lang='grc'><strong>35,</strong></span> <span class='ocrx_word' id='word_1_165' title='bbox 843 2603 877 2670; x_wconf 94' lang='grc'><strong>4.</strong></span> <span class='ocrx_word' id='word_1_166' title='bbox 903 2608 936 2655; x_wconf 86' lang='lat' dir='ltr'>et</span> <span class='ocrx_word' id='word_1_167' title='bbox 958 2589 1048 2654; x_wconf 90' lang='lat' dir='ltr'>alibi.</span> 
     </span>
     <span class='ocr_line' id='line_1_21' title="bbox 63 2689 1046 2778; baseline 0.011 -30"><span class='ocrx_word' id='word_1_168' title='bbox 63 2691 92 2749; x_wconf 86' lang='lat' dir='ltr'>Dr</span> <span class='ocrx_word' id='word_1_169' title='bbox 108 2689 159 2775; x_wconf 88' lang='lat' dir='ltr'>ipsa</span> <span class='ocrx_word' id='word_1_170' title='bbox 184 2691 354 2756; x_wconf 79' lang='lat' dir='ltr'>fertilitate</span> <span class='ocrx_word' id='word_1_171' title='bbox 378 2693 536 2774; x_wconf 77' lang='lat' dir='ltr'>Erytlriae</span> <span class='ocrx_word' id='word_1_172' title='bbox 562 2691 698 2778; x_wconf 82' lang='lat' dir='ltr'>quidem</span> <span class='ocrx_word' id='word_1_173' title='bbox 725 2693 815 2777; x_wconf 88' lang='lat' dir='ltr'>supra</span> <span class='ocrx_word' id='word_1_174' title='bbox 842 2691 1046 2760; x_wconf 85' lang='lat' dir='ltr'>dictumest.</span> 
     </span>
     <span class='ocr_line' id='line_1_22' title="bbox 63 2789 1050 2880; baseline 0.006 -30"><span class='ocrx_word' id='word_1_175' title='bbox 63 2790 137 2854; x_wconf 84' lang='lat' dir='ltr'>serina</span> <span class='ocrx_word' id='word_1_176' title='bbox 152 2791 184 2856; x_wconf 85' lang='lat' dir='ltr'>id</span> <span class='ocrx_word' id='word_1_177' title='bbox 205 2795 246 2856; x_wconf 87' lang='lat' dir='ltr'>de</span> <span class='ocrx_word' id='word_1_178' title='bbox 275 2793 362 2878; x_wconf 80' lang='lat' dir='ltr'>agris</span> <span class='ocrx_word' id='word_1_179' title='bbox 387 2797 479 2880; x_wconf 80' lang='lat' dir='ltr'>Tago</span> <span class='ocrx_word' id='word_1_180' title='bbox 501 2789 621 2857; x_wconf 83' lang='lat' dir='ltr'>vicinia</span> <span class='ocrx_word' id='word_1_181' title='bbox 644 2791 710 2856; x_wconf 89' lang='lat' dir='ltr'>dici</span> <span class='ocrx_word' id='word_1_182' title='bbox 739 2795 825 2878; x_wconf 87' lang='lat' dir='ltr'>polle</span> <span class='ocrx_word' id='word_1_183' title='bbox 846 2811 878 2857; x_wconf 89' lang='lat' dir='ltr'>et</span> <span class='ocrx_word' id='word_1_184' title='bbox 903 2791 1050 2856; x_wconf 73' lang='lat' dir='ltr'>usitatius</span> 
     </span>
     <span class='ocr_line' id='line_1_23' title="bbox 64 2892 1049 2980; baseline 0.006 -28"><span class='ocrx_word' id='word_1_185' title='bbox 64 2892 110 2964; x_wconf 79' lang='lat' dir='ltr'>ese,</span> <span class='ocrx_word' id='word_1_186' title='bbox 138 2895 306 2959; x_wconf 88' lang='lat' dir='ltr'>contendit</span> <span class='ocrx_word' id='word_1_187' title='bbox 340 2895 520 2958; x_wconf 79' lang='lat' dir='ltr'>Resertdius</span> <span class='ocrx_word' id='word_1_188' title='bbox 554 2893 589 2957; x_wconf 91' lang='lat' dir='ltr'>in</span> <span class='ocrx_word' id='word_1_189' title='bbox 624 2893 875 2980; x_wconf 75' lang='lat' dir='ltr'>antiquitatibus</span> <span class='ocrx_word' id='word_1_190' title='bbox 908 2899 1049 2958; x_wconf 75' lang='lat' dir='ltr'>Lusitan-</span> 
     </span>
     <span class='ocr_line' id='line_1_24' title="bbox 65 2989 1049 3080; baseline 0.004 -28"><span class='ocrx_word' id='word_1_191' title='bbox 65 2989 97 3054; x_wconf 77' lang='lat' dir='ltr'>lii</span> <span class='ocrx_word' id='word_1_192' title='bbox 110 3013 132 3057; x_wconf 90' lang='grc'><strong>9.</strong></span> <span class='ocrx_word' id='word_1_193' title='bbox 150 3019 180 3080; x_wconf 93' lang='lat' dir='ltr'>p.</span> <span class='ocrx_word' id='word_1_194' title='bbox 193 3019 237 3060; x_wconf 90' lang='lat' dir='ltr'>m.</span> <span class='ocrx_word' id='word_1_195' title='bbox 256 3000 315 3074; x_wconf 84' lang='lat'>67.</span> <span class='ocrx_word' id='word_1_196' title='bbox 367 3000 460 3060; x_wconf 86' lang='lat' dir='ltr'>idern</span> <span class='ocrx_word' id='word_1_197' title='bbox 481 3017 561 3059; x_wconf 76' lang='lat' dir='ltr'>uero</span> <span class='ocrx_word' id='word_1_198' title='bbox 584 2994 663 3059; x_wconf 89' lang='lat' dir='ltr'>alibi</span> <span class='ocrx_word' id='word_1_199' title='bbox 686 2996 785 3058; x_wconf 80' lang='lat' dir='ltr'>etiarn</span> <span class='ocrx_word' id='word_1_200' title='bbox 807 2995 957 3069; x_wconf 82' lang='lat' dir='ltr'>evenire,</span> <span class='ocrx_word' id='word_1_201' title='bbox 990 3015 1049 3058; x_wconf 88' lang='lat' dir='ltr'>no·</span> 
     </span>
     <span class='ocr_line' id='line_1_25' title="bbox 64 3089 1157 3181; baseline -0.001 -22"><span class='ocrx_word' id='word_1_202' title='bbox 64 3107 105 3154; x_wconf 86' lang='lat' dir='ltr'>un</span> <span class='ocrx_word' id='word_1_203' title='bbox 122 3099 222 3180; x_wconf 84' lang='lat' dir='ltr'>passim</span> <span class='ocrx_word' id='word_1_204' title='bbox 250 3114 411 3165; x_wconf 80' lang='lat' dir='ltr'>auctores.</span> <span class='ocrx_word' id='word_1_205' title='bbox 462 3097 517 3164; x_wconf 87' lang='lat' dir='ltr'>Sic</span> <span class='ocrx_word' id='word_1_206' title='bbox 543 3098 583 3160; x_wconf 88' lang='lat' dir='ltr'>de</span> <span class='ocrx_word' id='word_1_207' title='bbox 609 3097 883 3178; x_wconf 83' lang='lat' dir='ltr'>llsalsaesyliotum</span> <span class='ocrx_word' id='word_1_208' title='bbox 912 3095 1049 3181; x_wconf 80' lang='lat' dir='ltr'>regione</span> <span class='ocrx_word' id='word_1_209' title='bbox 1151 3089 1157 3105; x_wconf 85' lang='lat'>&#39;</span> 
     </span>
     <span class='ocr_line' id='line_1_26' title="bbox 65 3189 1048 3287; baseline 0.006 -31"><span class='ocrx_word' id='word_1_210' title='bbox 65 3196 137 3260; x_wconf 72' lang='grc'><strong>5960</strong></span> <span class='ocrx_word' id='word_1_211' title='bbox 156 3215 208 3276; x_wconf 87' lang='grc' dir='ltr'><strong>ι7.</strong></span> <span class='ocrx_word' id='word_1_212' title='bbox 228 3219 304 3285; x_wconf 79' lang='lat' dir='ltr'>pag.</span> <span class='ocrx_word' id='word_1_213' title='bbox 322 3213 404 3279; x_wconf 83' lang='lat'>57¹.</span> <span class='ocrx_word' id='word_1_214' title='bbox 421 3200 441 3264; x_wconf 90' lang='lat' dir='ltr'>s.</span> <span class='ocrx_word' id='word_1_215' title='bbox 459 3211 542 3277; x_wconf 78' lang='lat'><strong>83¹·</strong></span> <span class='ocrx_word' id='word_1_216' title='bbox 563 3197 625 3266; x_wconf 77' lang='grc' dir='ltr'>τοῦ</span> <span class='ocrx_word' id='word_1_217' title='bbox 648 3194 740 3285; x_wconf 67' lang='grc' dir='ltr'>ἔαρος</span> <span class='ocrx_word' id='word_1_218' title='bbox 762 3189 836 3264; x_wconf 75' lang='grc' dir='ltr'>οὐδὲ</span> <span class='ocrx_word' id='word_1_219' title='bbox 858 3195 1048 3287; x_wconf 66' lang='lat' dir='ltr'>oniperto,</span> 
     </span>
     <span class='ocr_line' id='line_1_27' title="bbox 66 3291 1051 3388; baseline 0 -28"><span class='ocrx_word' id='word_1_220' title='bbox 66 3291 122 3360; x_wconf 76' lang='lat' dir='ltr'>ilii</span> <span class='ocrx_word' id='word_1_221' title='bbox 138 3337 185 3348; x_wconf 94' lang='lat'><em>-</em></span> <span class='ocrx_word' id='word_1_222' title='bbox 204 3301 257 3386; x_wconf 72' lang='grc' dir='ltr'>τῷ</span> <span class='ocrx_word' id='word_1_223' title='bbox 276 3297 444 3366; x_wconf 73' lang='grc' dir='ltr'><strong><em>ἐκπεσόντι</em></strong></span> <span class='ocrx_word' id='word_1_224' title='bbox 470 3295 597 3386; x_wconf 75' lang='grc' dir='ltr'><strong>στάχῦι</strong></span> <span class='ocrx_word' id='word_1_225' title='bbox 626 3297 714 3364; x_wconf 75' lang='lat' dir='ltr'>nord</span> <span class='ocrx_word' id='word_1_226' title='bbox 739 3297 797 3364; x_wconf 75' lang='grc' dir='ltr'>τὸν</span> <span class='ocrx_word' id='word_1_227' title='bbox 819 3295 973 3388; x_wconf 69' lang='grc' dir='ltr'>θερισμόν</span> <span class='ocrx_word' id='word_1_228' title='bbox 996 3295 1051 3386; x_wconf 82' lang='lat' dir='ltr'>dp·</span> 
     </span>
     <span class='ocr_line' id='line_1_28' title="bbox 65 3394 1050 3493; baseline 0.002 -34"><span class='ocrx_word' id='word_1_229' title='bbox 65 3394 173 3464; x_wconf 81' lang='lat' dir='ltr'>ttirrut·</span> <span class='ocrx_word' id='word_1_230' title='bbox 213 3400 443 3493; x_wconf 74' lang='grc' dir='ltr'>τελεσικαρπεῖ</span> <span class='ocrx_word' id='word_1_231' title='bbox 473 3399 540 3489; x_wconf 71' lang='grc' dir='ltr'>γάρ</span> <span class='ocrx_word' id='word_1_232' title='bbox 572 3397 630 3468; x_wconf 78' lang='lat' dir='ltr'>riv</span> <span class='ocrx_word' id='word_1_233' title='bbox 660 3399 785 3488; x_wconf 70' lang='grc' dir='ltr'>θερινόν</span> <span class='ocrx_word' id='word_1_234' title='bbox 812 3395 950 3490; x_wconf 72' lang='grc' dir='ltr'><strong>καρπόν.</strong></span> <span class='ocrx_word' id='word_1_235' title='bbox 998 3401 1050 3462; x_wconf 91' lang='lat' dir='ltr'>De</span> 
     </span>
     <span class='ocr_line' id='line_1_29' title="bbox 65 3499 1053 3592; baseline 0.01 -35"><span class='ocrx_word' id='word_1_236' title='bbox 65 3499 154 3565; x_wconf 80' lang='lat' dir='ltr'>liburia</span> <span class='ocrx_word' id='word_1_237' title='bbox 172 3501 263 3566; x_wconf 87' lang='lat' dir='ltr'>idern</span> <span class='ocrx_word' id='word_1_238' title='bbox 285 3530 338 3570; x_wconf 88' lang='grc' dir='ltr'>ιι.</span> <span class='ocrx_word' id='word_1_239' title='bbox 361 3526 393 3589; x_wconf 90' lang='lat' dir='ltr'>p.</span> <span class='ocrx_word' id='word_1_240' title='bbox 410 3505 493 3584; x_wconf 84' lang='grc'><strong>346.</strong></span> <span class='ocrx_word' id='word_1_241' title='bbox 518 3503 540 3570; x_wconf 93' lang='lat' dir='ltr'>s.</span> <span class='ocrx_word' id='word_1_242' title='bbox 565 3515 648 3580; x_wconf 89' lang='grc'><strong>509.</strong></span> <span class='ocrx_word' id='word_1_243' title='bbox 669 3499 851 3590; x_wconf 79' lang='grc' dir='ltr'>πολλαχοῦ</span> <span class='ocrx_word' id='word_1_244' title='bbox 877 3499 1053 3592; x_wconf 75' lang='grc' dir='ltr'><em>σπαρεῖσαν</em></span> 
     </span>
     <span class='ocr_line' id='line_1_30' title="bbox 45 3593 1051 3696; baseline -0.006 -25"><span class='ocrx_word' id='word_1_245' title='bbox 45 3689 46 3696; x_wconf 14' lang='lat'>¹</span> <span class='ocrx_word' id='word_1_246' title='bbox 67 3601 127 3686; x_wconf 66' lang='lat' dir='ltr'>itit)</span> <span class='ocrx_word' id='word_1_247' title='bbox 145 3593 236 3681; x_wconf 67' lang='grc' dir='ltr'>ἅπαξ</span> <span class='ocrx_word' id='word_1_248' title='bbox 252 3599 299 3682; x_wconf 69' lang='lat' dir='ltr'>dit</span> <span class='ocrx_word' id='word_1_249' title='bbox 318 3601 463 3694; x_wconf 71' lang='grc' dir='ltr'>ἐκφέρειν</span> <span class='ocrx_word' id='word_1_250' title='bbox 480 3599 623 3694; x_wconf 78' lang='grc' dir='ltr'><strong><em>καρπόν,</em></strong></span> <span class='ocrx_word' id='word_1_251' title='bbox 647 3601 667 3690; x_wconf 69' lang='grc' dir='ltr'><em>ἢ</em></span> <span class='ocrx_word' id='word_1_252' title='bbox 685 3595 739 3668; x_wconf 85' lang='lat' dir='ltr'>rtui</span> <span class='ocrx_word' id='word_1_253' title='bbox 760 3603 841 3693; x_wconf 77' lang='grc' dir='ltr'><strong>τρίς.</strong></span> <span class='ocrx_word' id='word_1_254' title='bbox 877 3605 927 3667; x_wconf 91' lang='lat' dir='ltr'>Cs.</span> <span class='ocrx_word' id='word_1_255' title='bbox 951 3601 1051 3666; x_wconf 85' lang='lat' dir='ltr'>eriam</span> 
     </span>
     <span class='ocr_line' id='line_1_31' title="bbox 45 3697 1141 3820; baseline 0.002 -56"><span class='ocrx_word' id='word_1_256' title='bbox 45 3697 164 3782; x_wconf 51' lang='lat' dir='ltr'>¹[alluh.</span> <span class='ocrx_word' id='word_1_257' title='bbox 181 3707 223 3768; x_wconf 91' lang='lat' dir='ltr'>ad</span> <span class='ocrx_word' id='word_1_258' title='bbox 239 3704 373 3788; x_wconf 85' lang='lat' dir='ltr'>Dionys.</span> <span class='ocrx_word' id='word_1_259' title='bbox 391 3731 422 3770; x_wconf 92' lang='lat' dir='ltr'>v.</span> <span class='ocrx_word' id='word_1_260' title='bbox 441 3721 524 3785; x_wconf 85' lang='lat'>730.</span> <span class='ocrx_word' id='word_1_261' title='bbox 551 3697 794 3793; x_wconf 70' lang='lat' dir='ltr'>ubidurupror</span> <span class='ocrx_word' id='word_1_262' title='bbox 816 3727 944 3820; x_wconf 70' lang='lat' dir='ltr'>appear</span> <span class='ocrx_word' id='word_1_263' title='bbox 959 3724 1053 3768; x_wconf 90' lang='lat' dir='ltr'>voca·</span> <span class='ocrx_word' id='word_1_264' title='bbox 1137 3708 1141 3729; x_wconf 92' lang='lat'>&#39;</span> 
     </span>
     <span class='ocr_line' id='line_1_32' title="bbox 45 3803 1052 3928; baseline 0 -60"><span class='ocrx_word' id='word_1_265' title='bbox 45 3805 102 3866; x_wconf 63' lang='lat' dir='ltr'>ltu.</span> <span class='ocrx_word' id='word_1_266' title='bbox 128 3807 171 3868; x_wconf 90' lang='lat' dir='ltr'>De</span> <span class='ocrx_word' id='word_1_267' title='bbox 192 3807 352 3888; x_wconf 80' lang='lat' dir='ltr'>Hyrcanis</span> <span class='ocrx_word' id='word_1_268' title='bbox 373 3831 426 3874; x_wconf 88' lang='grc' dir='ltr'>ιι.</span> <span class='ocrx_word' id='word_1_269' title='bbox 441 3828 518 3928; x_wconf 80' lang='lat' dir='ltr'>pag.</span> <span class='ocrx_word' id='word_1_270' title='bbox 535 3819 619 3884; x_wconf 87' lang='grc'><strong>350.</strong></span> <span class='ocrx_word' id='word_1_271' title='bbox 639 3807 658 3868; x_wconf 94' lang='lat' dir='ltr'>s.</span> <span class='ocrx_word' id='word_1_272' title='bbox 671 3819 754 3884; x_wconf 84' lang='lat'>508</span> <span class='ocrx_word' id='word_1_273' title='bbox 779 3803 906 3880; x_wconf 81' lang='grc' dir='ltr'><em>ὁσῖτος</em></span> <span class='ocrx_word' id='word_1_274' title='bbox 933 3803 1052 3870; x_wconf 77' lang='lat' dir='ltr'>iteruri</span> 
     </span>
     <span class='ocr_line' id='line_1_33' title="bbox 45 3893 1053 4001; baseline 0.002 -34"><span class='ocrx_word' id='word_1_275' title='bbox 45 3893 214 3986; x_wconf 61' lang='lat' dir='ltr'>literaturae</span> <span class='ocrx_word' id='word_1_276' title='bbox 248 3910 381 4001; x_wconf 74' lang='grc' dir='ltr'><strong><em>καρποῦ</em></strong></span> <span class='ocrx_word' id='word_1_277' title='bbox 416 3909 474 3995; x_wconf 73' lang='grc' dir='ltr'>τῆς</span> <span class='ocrx_word' id='word_1_278' title='bbox 507 3901 657 3997; x_wconf 68' lang='grc' dir='ltr'>καλάμης</span> <span class='ocrx_word' id='word_1_279' title='bbox 683 3902 824 3988; x_wconf 76' lang='grc' dir='ltr'><strong>φύεται,</strong></span> <span class='ocrx_word' id='word_1_280' title='bbox 865 3904 1053 3990; x_wconf 81' lang='lat' dir='ltr'>quodiana</span> 
     </span>
     <span class='ocr_line' id='line_1_34' title="bbox 67 4005 1055 4097; baseline 0.009 -34"><span class='ocrx_word' id='word_1_281' title='bbox 67 4007 194 4074; x_wconf 83' lang='lat' dir='ltr'>tutealib.</span> <span class='ocrx_word' id='word_1_282' title='bbox 214 4029 244 4074; x_wconf 88' lang='grc'><strong>9.</strong></span> <span class='ocrx_word' id='word_1_283' title='bbox 264 4034 297 4097; x_wconf 92' lang='lat' dir='ltr'>p.</span> <span class='ocrx_word' id='word_1_284' title='bbox 313 4026 370 4090; x_wconf 85' lang='lat'>50.</span> <span class='ocrx_word' id='word_1_285' title='bbox 385 4012 407 4078; x_wconf 83' lang='lat' dir='ltr'>s.</span> <span class='ocrx_word' id='word_1_286' title='bbox 425 4025 483 4088; x_wconf 94' lang='grc'>73.</span> <span class='ocrx_word' id='word_1_287' title='bbox 507 4005 753 4072; x_wconf 83' lang='lat' dir='ltr'>iirdemvetbit</span> <span class='ocrx_word' id='word_1_288' title='bbox 773 4023 968 4074; x_wconf 81' lang='lat' dir='ltr'>narraverat.</span> <span class='ocrx_word' id='word_1_289' title='bbox 1004 4009 1055 4074; x_wconf 84' lang='lat' dir='ltr'>Cf.</span> 
     </span>
    </p>
   </div>
   <div class='ocr_carea' id='block_1_5' title="bbox 67 4102 758 4198">
    <p class='ocr_par' dir='ltr' id='par_1_5' title="bbox 67 4102 758 4198">
     <span class='ocr_line' id='line_1_35' title="bbox 67 4102 758 4198; baseline 0.006 -27.083"><span class='ocrx_word' id='word_1_290' title='bbox 67 4102 168 4176; x_wconf 80' lang='lat' dir='ltr'>iuiath.</span> <span class='ocrx_word' id='word_1_291' title='bbox 190 4112 232 4175; x_wconf 89' lang='lat' dir='ltr'>ad</span> <span class='ocrx_word' id='word_1_292' title='bbox 252 4114 360 4196; x_wconf 79' lang='lat' dir='ltr'>odyss.</span> <span class='ocrx_word' id='word_1_293' title='bbox 380 4131 416 4197; x_wconf 84' lang='lat'>9,</span> <span class='ocrx_word' id='word_1_294' title='bbox 440 4129 519 4195; x_wconf 77' lang='lat'><strong>²⁰9·</strong></span> <span class='ocrx_word' id='word_1_295' title='bbox 543 4133 575 4198; x_wconf 90' lang='lat' dir='ltr'>p.</span> <span class='ocrx_word' id='word_1_296' title='bbox 594 4121 678 4192; x_wconf 84' lang='grc'><strong>340,</strong></span> <span class='ocrx_word' id='word_1_297' title='bbox 698 4123 758 4189; x_wconf 84' lang='grc'>30.</span> 
     </span>
    </p>
   </div>
   <div class='ocr_carea' id='block_1_6' title="bbox 0 0 1357 4896">
    <p class='ocr_par' dir='ltr' id='par_1_6' title="bbox 0 0 1357 4896">
     <span class='ocr_line' id='line_1_36' title="bbox 0 0 1357 4896; baseline 0 0"><span class='ocrx_word' id='word_1_298' title='bbox 0 0 1357 4896; x_wconf 95' lang='lat' dir='ltr'> </span> 
     </span>
    </p>
   </div>
  </div>
 </body>
</html>
