2724 4904
296 401 359 484 526
565 403 728 466 NOTAE
767 404 1080 474 axaaarrcnss.

301 584 372 644 sum
389 578 480 644 dicit.
506 583 564 646 Illa
581 599 690 646 autem
703 585 781 645 urba
795 578 868 646 aliia
883 583 916 644 h.
933 584 1102 652 Artenam,
1120 575 1198 642 aliis
1212 571 1342 668 Haffan·

301 685 388 748 isola
407 685 473 772 elle
487 699 629 768 putatur.
682 687 804 748 Dextra
821 682 893 746 eius
915 681 1063 754 montis,
1094 678 1156 766 qui
1179 683 1342 765 perlitum

302 787 344 848 de
359 788 428 848 Abo
446 782 587 869 intelligi
609 787 727 871 potest,
752 787 958 870 Euphraten,
991 788 1093 847 laeva
1112 781 1249 866 Tigrim
1272 780 1342 844 oriri

303 887 412 950 tradit.
448 890 602 952 Dextram
615 891 731 954 Strabo
750 912 804 952 rr.
820 911 852 972 p.
869 901 951 968 359.
968 887 988 950 s.
1004 899 1098 964 521.
1122 901 1224 948 vocat
1241 885 1342 950 borea·

302 993 387 1062 lem,
416 991 541 1053 laevam
565 989 752 1063 australem,
785 988 861 1076 quia
878 1011 918 1051 ex
940 987 1062 1052 eodem
1088 1002 1210 1050 monte
1231 1001 1342 1054 utrum·

305 1111 368 1174 que
385 1088 526 1160 fluvium
542 1089 644 1165 ducit,
664 1091 810 1156 lontibus
830 1107 925 1170 2500
943 1089 1057 1162 stadia,
1079 1086 1104 1152 i.
1124 1109 1154 1152 e.
1171 1103 1245 1166 312
1260 1089 1340 1158 MP.

304 1190 506 1260 distantibus.
542 1194 672 1256 Orosrua
695 1219 725 1264 r.
745 1213 776 1256 a.
798 1215 869 1278 pag.
891 1212 944 1273 19.
962 1188 1160 1278 (Havete.)
1183 1211 1224 1251 ex
1245 1187 1342 1250 radice

304 1290 477 1368 Arnreniae
499 1293 621 1358 montis
637 1297 852 1364 Parckoatrae
875 1292 1000 1362 effundi
1019 1293 1131 1356 refert
1146 1312 1226 1362 cum
1240 1293 1342 1364 Araxe,

306 1415 450 1480 eumque
469 1407 617 1462 montem
631 1418 648 1458 a
663 1399 774 1460 Tauro
796 1393 962 1460 discernit.
1014 1397 1170 1466 Urbem,
1196 1391 1237 1455 ad
1257 1411 1342 1476 quom

308 1496 431 1570 oritur,
464 1515 559 1562 vocat
572 1500 702 1568 Orosius
716 1519 787 1582 pag.
808 1513 861 1576 ¹5·
879 1490 1070 1589 Dacnsam,
1101 1498 1161 1558 etfi
1177 1493 1281 1560 codd.
1295 1512 1342 1553 va·

307 1596 404 1672 piant.
449 1597 559 1660 Plinio
581 1602 645 1662 sme
667 1599 768 1672 dubio
790 1599 833 1662 est
854 1591 1018 1691 Dascusa.
1046 1619 1077 1662 c.
1103 1601 1127 1662 l.
1161 1594 1214 1660 uti
1236 1611 1267 1658 et
1289 1612 1341 1678 pro

308 1697 489 1770 Δασκοῦτα
510 1702 607 1763 habet
626 1702 709 1765 Cod.
730 1699 898 1770 Palatinus
922 1698 1109 1763 Ptolemaei
1128 1713 1164 1778 5,
1182 1715 1215 1780 7.
1242 1693 1296 1782 qul
1314 1709 1342 1764 et.

310 1799 474 1863 Zimaram
495 1818 664 1868 memorat.
681 1805 684 1810 “
704 1803 755 1866 cf.
776 1803 816 1864 de
837 1818 974 1888 utraque
994 1799 1183 1885 Welseling
1200 1799 1241 1862 ad
1255 1799 1340 1860 Anto

310 1899 383 1964 nini
409 1900 517 1966 itiner.
539 1925 612 1988 pag.
632 1916 701 1991 203
719 1905 762 1990 sq.
814 1905 855 1966 dt
870 1907 954 1975 male
972 1900 1019 1966 ibi
1039 1903 1154 1966 sontes
1177 1895 1340 1984 Euphratis

309 2001 424 2090 ponit,
452 2001 508 2088 qui
530 2003 660 2088 longius
678 2004 758 2076 hinc
778 2006 902 2070 absunt.
947 2007 1075 2068 Tabula
1094 2001 1339 2084 Peutingeriana

312 2095 371 2169 ro.
392 2103 484 2192 ducit
499 2127 515 2174 a
530 2123 660 2180 monte,
693 2129 792 2192 quem
808 2122 904 2177 vocat
920 2109 1119 2170 Parverdem
1141 2103 1165 2169 i.
1188 2125 1216 2174 e.
1234 2103 1336 2178 Parra·

310 2205 459 2279 ramam,
490 2205 540 2273 uti
560 2205 627 2272 iam
648 2207 791 2280 coniecit
813 2209 943 2283 Salmas,
968 2209 1009 2270 ad
1026 2205 1135 2274 Solin.
1154 2230 1186 2291 p.
1206 2227 1249 2266 m.
1264 2213 1335 2282 44⁰·

309 2307 381 2378 Ello
397 2323 507 2370 autem
522 2311 611 2374 hunc
625 2309 766 2374 fluvium
782 2313 879 2374 docet
894 2310 1004 2374 cursua
1019 2326 1154 2395 praeter
1174 2303 1334 2370 Samosata

309 2409 408 2480 Mona
422 2405 479 2480 ille
493 2413 576 2480 ultra
590 2413 698 2476 Abum
712 2410 797 2480 iacet
819 2412 928 2474 versus
952 2409 1092 2474 Iberiam
1113 2427 1148 2474 et
1169 2401 1334 2472 Albaniam,

311 2506 361 2571 uti
383 2526 473 2598 patet
496 2532 536 2574 ex
557 2515 718 2578 Strabone
740 2537 792 2577 rr.
813 2535 845 2596 p.
862 2527 945 2592 359.
964 2514 984 2576 s.
1001 2527 1085 2598 521.
1104 2527 1140 2574 at
1161 2506 1234 2573 aliia
1254 2500 1335 2572 locis.

312 2608 412 2677 etiam
426 2633 465 2674 ex
478 2615 667 2676 Ptolemaeo
679 2628 712 2691 5,
728 2617 760 2678 6.
778 2610 993 2698 aliquatenus.
1033 2613 1099 2677 Ubi
1121 2613 1232 2676 fontes
1246 2615 1333 2691 ponat

310 2713 527 2786 Ptolemaeus,
554 2717 607 2776 etsr
623 2713 804 2779 accuratius
819 2713 910 2776 statui
924 2711 1050 2800 nequit,
1072 2737 1153 2779 cum
1168 2729 1202 2775 et
1217 2698 1331 2771 numeri

312 2811 456 2886 incertae
473 2817 532 2878 srnt
554 2815 650 2889 fidei,
677 2817 774 2884 docet
798 2834 905 2882 tamen
922 2817 1032 2879 cursus
1052 2832 1086 2878 et
1108 2809 1238 2878 notatio
1257 2811 1331 2870 loco·

311 2937 405 2988 rum,
438 2908 586 2985 ulterius*
599 2935 631 2985 et
651 2917 752 3002 magis
772 2921 813 2988 ad
835 2916 1102 3002 septemtrionem
1124 2919 1221 2980 abeo
1240 2925 1330 2978 redw-

310 3013 393 3087 veri,
436 3016 505 3088 Vid.
522 3033 556 3098 5,
578 3035 632 3098 15.
659 3036 692 3091 et
714 3042 798 3106 quae
819 3019 969 3104 pluribus
988 3017 1135 3102 disputat
1155 3011 1278 3080 Salmas.
1297 3004 1330 3072 ad

234 3153 237 3165 ¹
313 3117 418 3188 Solin-
436 3137 493 3197 57.
508 3119 528 3184 s.
544 3132 604 3200 4ο.
620 3145 652 3205 p.
669 3143 713 3186 m.
731 3134 803 3201 437
821 3121 885 3207 sqq.
907 3118 1118 3204 paucioribus
1135 3111 1289 3184 Cellarius
1300 3106 1329 3174 iu

313 3221 431 3304 Geogr.
452 3238 517 3291 ant.
536 3239 569 3302 3,
592 3246 647 3294 11,
664 3235 696 3300 5.
748 3225 842 3286 Errat
861 3219 1016 3286 detbicus
1037 3245 1068 3306 p.
1087 3235 1173 3299 725.
1198 3205 1327 3303 (Gran.)

313 3321 370 3406 qui
395 3343 470 3387 euna
494 3325 581 3391 haud
607 3327 722 3408 procul
746 3315 876 3418 Adcusa
897 3325 977 3390 urbe
1000 3321 1087 3394 nasci
1109 3323 1226 3390 refert,
1258 3328 1327 3403 quas

313 3443 390 3488 cum
405 3416 559 3516 Dascusa
580 3428 695 3510 procul
715 3423 884 3496 dubiosa,
912 3445 1001 3488 error
1017 3422 1072 3486 lric
1089 3421 1157 3486 iam
1174 3435 1263 3486 antea
1278 3430 1323 3476 no·

311 3541 398 3588 tatus
420 3525 472 3597 est.
525 3529 564 3589 At
579 3525 708 3609 longius
724 3524 779 3588 ille
796 3541 943 3609 vagatur,
969 3542 1002 3588 et
1022 3548 1053 3618 p.
1072 3542 1155 3606 709.
1175 3523 1210 3584 in
1228 3513 1324 3582 Indiae

313 3625 437 3712 campis
455 3625 525 3690 eius
548 3627 674 3689 sontem
696 3644 941 3698 commemorat.
995 3629 1112 3712 Aperte
1135 3624 1249 3693 etiam,
1279 3613 1321 3688 ssffi

311 3727 429 3801 levius,
447 3715 745 3814 errat'Ptolemaeus
763 3743 796 3808 5.
820 3745 873 3807 13.
892 3729 972 3796 dum
981 3730 1131 3792 Artaxata
1146 3721 1321 3804 adEuplffl·

311 3845 380 3892 tem
395 3829 501 3915 ponit,
518 3828 656 3894 miscens
671 3853 746 3896 eum
763 3853 839 3895 cum
855 3837 964 3901 Araxe.
993 3833 1096 3892 Multa
1113 3849 1206 3914 porro
1220 3825 1257 3886 de
1270 3813 1319 3880 orl·

312 3928 390 4018 gine
412 3931 482 3995 eius
510 3934 664 4015 congessit
688 3931 862 3996 Boccatius
887 3935 928 3996 de
951 3929 1143 3997 fluminibus
1165 3934 1195 3994 lr.
1214 3949 1242 3988 v.
1273 3909 1319 3980 ubl

310 4033 420 4094 Melae
445 4035 534 4096 hunc
557 4038 669 4098 locum
690 4051 857 4118 praeterea
878 4051 1011 4104 auctum
1034 4031 1151 4098 reddit.
1198 4027 1256 4094 Sed
1274 4038 1317 4080 ³1¹·

312 4132 426 4200 diendi
444 4155 533 4208 nunc
550 4135 623 4208 sunt
640 4135 839 4208 recentiores
862 4137 963 4206 tester.
998 4135 1198 4208 Tournesort
1213 4135 1318 4207 voyage
