2724 4904
293 417 391 505 xtee'
587 418 747 483 noran
789 418 1094 482 exnourrctn

319 599 545 665 Eudaemones
567 610 663 660 vocat
683 597 885 682 Capitolinue
905 600 940 661 in
956 598 1069 682 Opilio
1092 595 1237 658 Macrino
1256 615 1281 658 c.
1301 614 1343 662 ι9.

322 717 356 767 et
369 705 410 765 iic
427 699 579 784 Vopiscus
601 702 636 761 in
650 702 821 765 Aureliano
842 721 909 785 cap.
927 715 987 780 55.
1005 697 1127 762 Arabes
1144 697 1343 760 Eudaemones

322 819 490 875 memorat,
514 815 551 864 ut
568 801 748 865 Marcianus
761 805 795 864 in
811 804 934 886 periplo
951 825 984 884 p.
998 817 1056 878 17.
1076 798 1206 879 (Huds.)
1232 799 1343 878 Dionys.

321 927 355 969 v.
373 919 456 984 809.
473 917 506 966 et
520 913 606 983 995.
628 919 722 965 vocat
742 897 914 993 ἐρατεινὴν,
937 903 994 964 ubi
1007 902 1194 965 Eustathiuc
1209 889 1343 990 tt'tdcipwt

323 1009 459 1090 explicat
481 996 654 1082 ὅλβιστος,
687 1019 720 1067 et
742 1003 930 1097 εὐδαιμονία
952 1025 1007 1086 per
1031 997 1159 1080 ὄλβον,
1193 1021 1266 1083 quae
1286 1021 1343 1072 von

195 1153 202 1158 -
324 1123 364 1170 ut
383 1107 495 1169 beatus
516 1108 653 1179 Latinio,
680 1105 768 1190 saepe
790 1109 830 1171 de
851 1108 1029 1191 opulentia,
1059 1105 1220 1167 divitibue
1241 1104 1343 1166 dicitur.

324 1211 369 1272 Et
386 1210 425 1270 stc
441 1207 554 1271 Strabo
573 1226 604 1273 ι.
622 1230 655 1291 p.
672 1223 729 1283 97.
746 1207 767 1270 s.
786 1223 844 1290 59.
867 1204 1027 1273 πλουσίαν
1043 1207 1199 1289 explicat,
1222 1204 1343 1286 obponit·

325 1330 390 1394 qne
413 1301 554 1396 ἄπορον,
588 1329 682 1390 quare
704 1313 800 1372 etiam
826 1311 995 1373 Penzeliua
1016 1313 1053 1370 in
1073 1307 1222 1370 versione
1242 1307 1303 1368 Vos.
1324 1327 1343 1367 ι.

325 1429 398 1498 pag.
417 1412 501 1490 596.
524 1412 691 1474 vernacula
710 1413 821 1496 lingua
841 1414 950 1474 minue
969 1424 1055 1474 recte
1074 1410 1162 1472 verti
1185 1405 1284 1470 censet
1302 1406 1343 1468 da

326 1512 499 1596 gliieklicste
522 1511 674 1584 Arabim.
708 1533 782 1574 cum
809 1514 940 1577 debeat:
976 1513 1037 1574 das
1063 1511 1177 1574 reicsre.
1238 1507 1343 1570 Nomen

327 1613 442 1676 diserte
475 1613 553 1674 dicit
582 1614 768 1696 impositum
793 1613 853 1678 effa
876 1615 1011 1677 Diodor.
1037 1627 1071 1694 5,
1096 1625 1161 1694 49.
1185 1613 1230 1671 in.
1254 1604 1301 1670 dui
1319 1601 1343 1670 ri

328 1712 459 1799 πλῆθος
471 1712 537 1778 τῶν
553 1711 582 1778 ἐν
600 1712 688 1800 αὐτῇ
709 1713 880 1804 φυομένων
897 1715 1033 1803 καρπῶν
1048 1737 1087 1778 τε
1103 1706 1160 1774 καὶ
1178 1711 1241 1774 τῶν
1256 1702 1343 1770 itin

328 1814 480 1900 ἀγαθῶν.
506 1815 606 1878 Notat
620 1838 676 1900 per
691 1836 760 1878 eam
774 1817 1103 1885 occasionemStrabm
1120 1813 1253 1876 Homeri
1267 1823 1343 1871 aetate

327 1919 465 1981 minimo
487 1913 574 1980 futtre
597 1919 749 1990 divitem,
786 1917 837 1980 sed
860 1920 1037 1981 incolarum
1062 1915 1216 1978 industria
1236 1928 1267 1973 et
1286 1913 1343 1972 odo

327 2040 402 2082 runt
420 2020 561 2081 maxime
577 2016 739 2082 fertilitate
758 2019 863 2102 postea
877 2018 1002 2084 factam.
1042 2021 1086 2082 tt
1102 2019 1187 2079 maie
1204 2016 1277 2076 hinc
1296 2008 1343 2097 ipe·

326 2113 432 2202 τεινὴν
453 2121 539 2181 illam
560 2122 705 2200 Dionysii
726 2120 833 2183 versus
854 2123 1054 2184 occidentem
1069 2123 1236 2203 Aegypto,
1260 2111 1343 2176 versut

327 2219 590 2302 septemtrionem
613 2223 719 2301 Syriae
742 2226 974 2286 conterminam
992 2220 1065 2284 sacit
1086 2221 1267 2303 Stephanus
1286 2213 1304 2276 s.
1321 2232 1343 2274 t.

325 2317 483 2408 ’Δραβία,
519 2337 552 2384 et
575 2322 766 2386 odoriferam
789 2325 872 2387 inter
892 2326 997 2386 sinum
1021 2323 1187 2386 Persicum
1208 2333 1240 2380 et
1260 2315 1344 2379 Arabi·

327 2443 419 2493 cum,
447 2422 503 2484 etsi
517 2423 648 2503 Dionys.
662 2446 696 2488 v.
711 2437 795 2503 809.
813 2440 846 2488 et
862 2446 894 2488 v.
909 2441 993 2505 995.
1009 2427 1137 2503 Syriam
1154 2421 1280 2484 Arabiae
1294 2411 1343 2502 ipu-

326 2523 418 2610 τεινῇ
440 2525 574 2586 omnino
595 2527 753 2596 adnectit,
779 2524 861 2589 sorte
878 2528 964 2608 quod
982 2527 1092 2589 Arabia
1109 2525 1241 2588 Petraea
1255 2523 1285 2580 in
1300 2533 1343 2576 ue

324 2644 402 2686 men
422 2639 455 2686 et
475 2623 603 2686 censum
619 2625 806 2689 concederat
827 2629 938 2690 tertiae
954 2627 1158 2692 Palaestinae.
1200 2623 1268 2684 Vid.
1284 2617 1343 2682 Pro

325 2727 437 2807 copiua
463 2725 504 2787 de
533 2727 682 2789 aedificiis
705 2739 737 2806 5,
763 2742 796 2807 5.
816 2729 862 2793 in.
905 2728 1079 2813 Wesseling
1110 2727 1151 2788 ad
1183 2720 1343 2786 Hieroclem

210 2822 212 2826 ’
324 2845 358 2908 p.
377 2841 462 2900 721.
485 2827 572 2889 idem
588 2828 627 2889 ad
643 2831 778 2893 Diodor.
795 2843 827 2910 5,
846 2839 908 2908 49.
929 2845 963 2892 et
984 2832 1019 2890 in
1041 2830 1156 2913 primia
1177 2819 1297 2890 Salmas.
1314 2817 1342 2878 ad

325 2928 430 2990 Solin.
446 2948 474 2989 c.
493 2942 552 3008 55.
568 2927 590 2990 s.
608 2932 667 3006 56.
684 2953 717 3014 p.
734 2952 778 2995 m.
795 2941 880 3014 547.
929 2932 1052 2994 Eadem
1067 2925 1184 3014 passim
1200 2925 1290 2988 etiam
1303 2917 1342 2980 ad·

325 3029 461 3111 pellatur
482 3021 585 3115 iyc't‘vw
599 3027 756 3119 'Apusiim
781 3035 831 3095 uti
847 3053 865 3094 a
880 3033 1025 3096 Diodoro
1044 3046 1077 3111 3,
1093 3043 1156 3110 49.
1174 3040 1251 3092 extr.
1274 3016 1341 3104 quod

325 3150 366 3192 ex
381 3131 510 3192 Oceano
534 3130 617 3196 sinuo
637 3135 743 3195 influit
764 3137 799 3195 in
820 3148 914 3196 terrae
929 3133 1172 3216 obponiturque
1194 3129 1255 3197 ilii,
1278 3137 1341 3204 quae

323 3231 510 3315 Aegyptum
523 3232 717 3319 adtingebat.
755 3237 802 3297 Ita
816 3236 945 3298 Servius
960 3235 999 3296 ad
1014 3236 1124 3318 virgil.
1141 3233 1221 3296 Aen.
1233 3248 1261 3300 1,
1271 3215 1339 3304 416·

325 3331 441 3395 diserte
460 3346 523 3395 tree
545 3351 728 3406 enumerat,
755 3328 954 3425 inferiorem,
980 3335 1161 3406 Petrodem,
1185 3345 1218 3394 et
1235 3321 1340 3391 Eudae·

324 3454 431 3496 mona.
483 3433 582 3498 Plura
603 3435 727 3498 disserit
748 3436 874 3501 Salmas.
897 3437 938 3498 ad
959 3438 1060 3500 Solin.
1078 3456 1105 3499 c.
1121 3437 1145 3500 l.
1166 3455 1197 3516 p.
1215 3432 1339 3506 19543·

323 3535 372 3596 lta
388 3546 497 3596 autem
514 3536 678 3600 dicebatur
699 3558 734 3599 ea
755 3539 883 3610 Arabia,
909 3559 989 3620 quae
1006 3539 1045 3600 ad
1066 3537 1234 3599 meridiem
1249 3539 1339 3608 vergi·

322 3634 387 3697 bat.
416 3636 573 3714 (Diodor.
594 3655 628 3710 9,
651 3650 710 3718 54.
731 3641 797 3718 ἰη.)
837 3639 951 3704 Strabo
972 3637 1024 3704 16.
1046 3659 1119 3722 pag.
1135 3638 1219 3716 596.
1235 3631 1255 3695 ί
1270 3627 1336 3704 765.

323 3739 487 3800 terminari
502 3739 546 3799 ait
564 3739 671 3803 versus
690 3738 951 3822 septemtrionem
974 3739 1143 3803 solitudine
1161 3736 1253 3805 vatia,
1277 3722 1337 3790 alibi

322 3853 461 3921 utroque
474 3839 544 3902 sinu
560 3856 594 3903 et
610 3843 751 3906 Oceano.
791 3843 938 3904 Excurrit
952 3858 1060 3904 autem
1075 3861 1092 3902 a
1108 3841 1255 3904 charace.
1276 3827 1334 3893 1³⁶¹·

320 3939 373 4000 sici
395 3941 477 4001 srnua
495 3944 615 4024 oppido
639 3945 768 4014 intimo,
789 3943 936 4024 (Plinius
951 3945 984 4015 6,
1008 3957 1066 4022 51.
1081 3941 1103 4004 s.
1124 3943 1202 4017 97.)
1226 3948 1256 3998 et
1271 3943 1334 3991 ΗΕ·

322 4039 404 4128 cessu
417 4041 535 4106 intimo
551 4043 634 4108 stnue
647 4045 782 4115 Arabici,
799 4045 867 4107 sinu
878 4046 1047 4115 Elanitico,
1070 4038 1215 4122 (Dionys.
1224 4033 1332 4111 mss·

320 4141 526 4228 Agatbamer.
543 4160 578 4220 9,
597 4148 646 4230 6.)
677 4165 861 4233 quousque
883 4146 1062 4238 pertinebat
1077 4145 1189 4213 Arabia
1209 4137 1330 4208 Peuaet·
