2650 4896
303 381 366 452 nr
571 369 732 432 nonan
772 369 1076 432 exnonarctn

302 547 326 614 ῐ.
350 565 404 628 ¹9·
421 565 455 632 p.
471 566 517 610 m.
540 558 622 624 175.
658 547 706 610 lta
719 565 837 632 nempe
851 547 887 609 fit
898 547 993 610 etiarn
1010 548 1042 608 in
1060 545 1146 618 aliie,
1169 560 1206 608 ut
1223 541 1322 628 llryr'ni

302 649 468 732 lathyrus
482 681 531 698 -
554 661 587 710 et
609 663 717 710 contra
732 647 952 740 Bomstlrenes.
994 649 1094 730 Thyle
1108 649 1208 711 etiam
1223 649 1322 712 hahent

303 751 478 815 lornandea
495 750 535 811 de
551 749 618 813 reb.
635 751 708 814 (iet.
732 771 760 812 c.
783 771 813 813 1.
841 749 951 815 lsrdor.
968 749 1057 834 Orig.
1081 759 1140 830 ι4,
1158 751 1193 813 6.
1224 750 1322 833 Geopt.

303 853 453 916 Ravenn.
469 857 503 928 5,
521 865 580 930 31.
594 863 674 915 extr.
705 851 734 912 Τ
731 852 792 924 rice
806 849 957 915 Acthicue
971 853 1005 912 in
1022 849 1197 936 Cosmogr.
1211 871 1242 933 p.
1253 863 1321 930 730.

304 953 364 1032 (ad
386 952 503 1016 calcem
526 953 576 1014 ed.
600 952 766 1031 Gronov.)
821 951 893 1034 Tyle
918 951 1110 1034 adscriptum
1138 954 1173 1012 in
1200 954 1321 1034 margine

303 1053 386 1118 (lod.
402 1051 486 1136 Lipl.
508 1053 566 1114 ubi
580 1051 647 1124 alia.
675 1073 769 1137 quarn
784 1053 868 1124 tilos.
891 1055 980 1116 timul
996 1055 1116 1115 dicitur
1133 1055 1214 1114 etin
1229 1051 1321 1114 ludite

304 1155 434 1219 Oceano
458 1154 521 1218 fita.
579 1156 667 1240 Quae
695 1155 825 1237 quidem
846 1154 963 1218 formae
985 1151 1091 1217 reiicit
1113 1156 1278 1216 Cluverius
1294 1155 1321 1212 in

304 1256 474 1320 Germania
496 1267 560 1318 ant.
580 1271 613 1336 3,
631 1271 691 1336 39.
708 1277 739 1339 p.
756 1258 840 1320 6⁶2.
867 1259 983 1338 quippe
1000 1255 1136 1318 barbaro
1154 1254 1269 1316 saeculo
1283 1251 1321 1314 iu-¹

243 1436 245 1444 Ι
301 1371 426 1429 rectae.
452 1373 485 1420 et
506 1358 598 1420 unice
618 1357 730 1442 probat
756 1357 863 1423 Thule.
916 1359 1048 1420 Derivat
1067 1359 1148 1420 inde
1164 1357 1322 1437 Stephanae

306 1457 480 1531 Tituloeus,
505 1474 538 1521 et
552 1457 635 1522 forte
654 1459 810 1530 Thallus,
832 1459 918 1541 quod
933 1475 965 1520 et
977 1472 1112 1521 notante
1129 1458 1175 1518 ibi
1192 1455 1320 1518 Berkello

303 1561 420 1646 legitur
435 1561 469 1622 in
485 1561 641 1642 Procopio
657 1561 697 1624 de
712 1561 749 1622 Β.
766 1560 905 1622 Gothico
924 1575 956 1631 a,
979 1573 1033 1636 15.
1072 1561 1170 1620 Varie
1192 1560 1319 1618 derivant

301 1681 439 1738 nornen:
466 1683 483 1724 a
502 1661 604 1734 Thule,
630 1663 685 1744 qui
703 1664 762 1725 toti
778 1661 922 1748 Aegypto
934 1661 1064 1743 aliisque
1079 1663 1172 1722 terrie
1187 1659 1222 1720 nt
1240 1657 1316 1720 Ocea·

302 1781 382 1828 num
398 1761 577 1846 praefuerit,
602 1765 713 1826 Suirlaa
729 1764 762 1824 h.
782 1785 813 1825 v.
837 1782 917 1836 cum
931 1783 1012 1846 quo.
1038 1777 1175 1824 notante
1196 1759 1318 1826 liutem.

301 1862 506 1928 consentiunt
532 1864 718 1927 Chrorricon
741 1865 906 1928 Alexandr.
941 1865 1070 1926 Malalaa
1099 1877 1134 1925 ot
1156 1861 1317 1930 Cedrenuep

301 1985 320 2028 a
328 1957 399 2056 sole
418 1966 526 2028 Ilidor.
541 1985 567 2027 c.
584 1967 605 2029 1.
632 1966 807 2030 Bochartur
825 1967 859 2026 in
879 1965 1027 2028 Chanaan
1047 1985 1078 2036 r,
1096 1976 1160 2048 4ο.
1179 1982 1217 2023 ex
1234 1960 1316 2020 l‘hoe

300 2069 411 2128 nicum
428 2067 552 2150 lingua,
579 2081 616 2127 ut
629 2067 665 2128 fit
677 2068 761 2150 quast
778 2067 979 2140 umbrarum,
1006 2065 1208 2128 tenebrarum
1226 2059 1314 2126 inluta.

301 2166 390 2250 quod
416 2187 433 2228 a
458 2165 596 2228 tenebris
625 2180 748 2230 veteres
774 2167 1032 2251 septemtrionem
1058 2168 1234 2250 detigrrent.
1268 2159 1315 2220 Bo·

301 2268 414 2330 charto-
431 2267 632 2350 adllipulotur
651 2269 834 2354 Schoening
854 2267 957 2352 (Atlg.
975 2265 1202 2330 Welt·Gesch.
1220 2265 1255 2326 T.
1270 2265 1313 2338 ¹5·

299 2390 334 2454 p.
353 2388 366 2429 ι
373 2365 427 2452 9.)
447 2384 600 2452 quatenus
618 2368 689 2433 lolia
705 2370 922 2432 Phoenicibus
934 2374 1127 2433 innotuerat.
1162 2367 1227 2430 alta
1242 2361 1314 2424 dabit

300 2469 477 2534 Bochartua
497 2489 524 2534 c.
548 2471 570 2534 l.
594 2471 686 2554 plura
711 2470 864 2534 Toriaeuc
900 2472 933 2531 in
967 2471 1072 2533 hillor.
1103 2469 1216 2531 Norw.
1240 2465 1272 2526 Ρ.
1290 2483 1311 2522 ι.

300 2570 359 2635 lib.
378 2589 408 2634 t.
426 2591 452 2634 c.
470 2581 502 2648 5.
522 2590 552 2653 p.
576 2587 630 2634 ra.
656 2571 843 2638 Carlllroem
859 2573 899 2632 tle
915 2571 1020 2632 Thule
1038 2593 1069 2654 p.
1087 2587 1135 2634 20
1152 2568 1214 2651 sqq.
1239 2565 1311 2626 Prae·

299 2673 401 2734 torius
423 2673 463 2734 de
485 2672 561 2734 orbe
580 2673 716 2736 Gothico
735 2674 789 2734 lib.
807 2686 839 2752 5.
857 2692 923 2756 cap.
941 2683 975 2750 4.
994 2677 1022 2750 §.
1042 2686 1072 2752 5.
1092 2692 1165 2756 pag.
1184 2682 1239 2746 33.
1267 2661 1310 2743 qni

300 2772 473 2836 Gothicam
494 2792 605 2836 vocem
627 2788 748 2857 putata
769 2773 878 2845 Tuole.
907 2794 986 2854 quae
1008 2774 1136 2857 longam
1154 2766 1311 2834 dillantiarn

299 2873 465 2959 fignificet‚
500 2895 602 2956 neque
623 2874 753 2938 insulam
777 2875 912 2956 aliquam
934 2871 1021 2936 suillo
1045 2875 1175 2956 proprio
1195 2867 1310 2930 nomint

299 2976 343 3036 ita
363 2976 490 3040 dictam.
540 2978 586 3037 lta
608 2978 703 3038 etiam
721 2975 879 3039 tl’tlnville
899 2973 948 3035 sur
964 2975 992 3036 la
1012 2976 1196 3059 navigation
1211 2972 1248 3030 de
1261 2966 1310 3042 Py·

299 3077 388 3139 theat
408 3068 440 3157 p.
455 3088 541 3156 459.
565 3077 756 3154 (Memoirea
771 3109 820 3125 -
839 3075 879 3138 de
892 3076 977 3137 Parit
991 3079 1088 3138 Tom.
1106 3075 1184 3155 57.)
1205 3082 1308 3132 nomen

298 3196 366 3239 non
387 3179 569 3260 proprium.
599 3177 649 3239 leri
672 3179 896 3262 adpellativum
915 3174 1001 3239 inille
1023 3176 1126 3238 censet
1140 3178 1180 3237 de
1195 3169 1309 3254 regiam

299 3277 546 3360 septemtrionali
562 3277 641 3340 ultra
654 3279 862 3342 Britanniam.
900 3279 951 3342 Sic
966 3279 1105 3357 Bayerua
1119 3280 1153 3339 in
1167 3266 1308 3356 npurculit

297 3379 447 3460 (Klotz.)
467 3399 499 3462 p.
513 3381 593 3458 246.
611 3399 678 3443 non
694 3381 734 3444 de
749 3400 812 3442 una
828 3379 1002 3460 eademque
1017 3377 1113 3439 insula
1129 3379 1190 3440 hoc
1204 3384 1306 3434 nomen

298 3477 481 3562 usurpatum
513 3479 572 3542 erre
601 3495 703 3564 putat.
763 3481 979 3544 Phoenicibus
1009 3493 1116 3540 autem
1145 3465 1304 3539 innotuite.

297 3581 362 3644 iam
384 3581 477 3642 docet
494 3581 669 3645 Bochartue
682 3603 709 3646 c.
725 3584 748 3646 l.
772 3601 811 3646 ex
833 3578 1045 3663 antiquiffimo
1061 3579 1208 3662 scriptore
1223 3575 1303 3634 Anto·

297 3678 356 3745 nio
370 3683 527 3766 Diogene.
551 3682 604 3762 qni
619 3683 717 3747 libroe
734 3693 782 3767 24
798 3684 1031 3746 incredibilium
1047 3683 1086 3743 de
1103 3681 1204 3742 Thule
1220 3667 1302 3734 intulr

298 3779 470 3864 scripserat.
501 3798 593 3866 atque
615 3800 838 3869 argumentum
860 3787 989 3846 duxerat
1009 3803 1048 3844 ex
1073 3777 1252 3858 Dercyllirlic
1268 3782 1300 3828 tr·

298 3881 399 3954 bulbi
424 3884 522 3962 Tyri,
548 3885 715 3948 Alexandri
733 3886 831 3958 iulio.
858 3881 989 3956 effoffia.
1015 3885 1065 3944 uti
1080 3882 1174 3944 refert
1187 3872 1299 3940 Photiur

297 3983 379 4046 Cod.
401 3981 479 4048 166.
497 4003 566 4069 pag.
587 3985 669 4066 564.
710 3986 853 4050 Versatua
872 3999 979 4049 autem
995 3997 1060 4046 erat
1076 3971 1297 4072 Dercyllidea'iss

295 4103 333 4148 ea
356 4081 471 4159 inlulr3
513 4106 531 4147 a
557 4085 770 4153 Phoenicibur
788 4090 857 4154 eiua
882 4087 1099 4175 cognitionem
1122 4086 1160 4148 arl
1184 4080 1298 4144 Graecae
