2746 4894
170 453 225 512 tlt
252 450 390 511 totta.
418 449 527 510 ΜΗ.
567 449 678 510 Lm.
720 452 853 514 <LVIII-
893 451 961 527 §.7
1034 469 1099 536 555

31 632 200 701 videtur.
236 627 293 692 etli
326 626 423 689 etiam
456 623 623 690 rl’Arrville
658 625 834 690 Memoiree
865 627 915 690 sur
939 631 1119 718 l’Egypte*

32 755 72 819 p.
90 735 182 813 263.
203 729 333 792 inMala
349 729 468 790 nullam
476 727 664 800 Berenicen,
680 729 737 790 nili
752 729 919 804 Arbacen,
940 735 1093 819 agnoscit.

34 835 235 919 suspicatur
256 833 364 900 enim.
400 831 477 892 duae
499 830 639 916 Aegypti
667 834 791 917 reginae
819 836 956 895 eandam
983 838 1097 902 urbem

36 937 172 1019 duplici
190 936 324 997 nomine
339 930 549 1014 insigniville‚
576 933 624 992 uti
643 951 744 1016 prope
764 935 967 1019 Heroopolin
983 941 1096 1004 eadem

37 1037 134 1101 dicta
158 1037 203 1100 eli
222 1035 358 1100 Arsinoe
378 1047 416 1094 et
436 1033 625 1115 Cleopatrie.
675 1033 827 1097 Ceterum
850 1050 884 1098 et
903 1037 967 1126 ipse
989 1039 1095 1107 Melae

38 1139 300 1222 descriptionem
323 1136 406 1196 lintre
420 1134 550 1198 Arabici
571 1134 731 1198 difficilem
748 1135 807 1199 elle
827 1137 983 1219 explicatu
1003 1146 1099 1224 profi·

40 1255 151 1304 tetur.
205 1240 249 1300 ll.
269 1257 370 1319 prope
386 1238 464 1300 Sttez
483 1238 517 1298 in
531 1239 621 1308 loco,
647 1238 702 1318 qui
716 1252 848 1300 vocator
863 1239 1016 1314 ttetzae,
1040 1245 1098 1307 ubi

41 1345 159 1406 adbuc
181 1341 294 1402 rudera
313 1337 382 1400 tubi
400 1336 515 1418 lapidei
536 1337 774 1422 conspiciuntur
794 1341 833 1404 ad
852 1343 1097 1424 aquaeductum.

39 1445 196 1509 Browne
210 1439 327 1505 lleiieo
348 1437 473 1528 (Lipl.)
494 1459 528 1524 p.
547 1456 567 1504 9
574 1441 633 1521 56.

127 1644 354 1728 Berenice)
412 1643 469 1709 Gr.
491 1643 655 1732 Βερενίκη.
698 1646 779 1710 Trea
797 1649 933 1713 omnino
955 1649 1019 1714 boc
1038 1669 1097 1715 rto·

42 1753 144 1816 mine
162 1749 262 1812 orbee
275 1751 310 1810 in
327 1746 390 1809 hoc
405 1759 505 1809 tracta
520 1747 660 1812 recenlet
674 1748 758 1812 Plin.
777 1751 810 1820 6.
826 1759 885 1828 34.
903 1750 922 1814 l.
938 1769 998 1832 99.
1031 1753 1100 1816 Pri·

42 1873 141 1916 mam
165 1849 243 1913 iacit
258 1851 292 1924 6,
316 1863 374 1926 33.
392 1847 413 1912 i.
432 1863 492 1930 99.
516 1851 626 1912 metrii
646 1849 846 1934 Philadelphi
868 1849 1023 1924 nomine,
1057 1855 1099 1917 ad

1 1965 2 1968 ’
44 1974 149 2038 qoam
174 1954 276 2014 itera
299 1951 407 2034 Copto
429 1952 659 2014 mercatoribus
688 1949 925 2035 frequentatum
952 1955 1100 2018 describit

44 2059 141 2120 idem
159 2055 196 2125 6.
213 2050 270 2118 96.
286 2051 308 2115 i.
326 2067 386 2132 23.
422 2053 461 2114 ln
475 2053 544 2114 llnu
565 2056 709 2136 ponitur,
728 2073 824 2136 quem
839 2069 957 2118 vocant
972 2057 1098 2129 Strabo.

45 2159 104 2221 elii
118 2149 331 2242 dudd-cerco,
341 2154 481 2217 Edriliue
493 2151 596 2216 Giun·
609 2155 766 2218 al-Malik
779 2160 800 2218 i.
811 2175 839 2220 e.
850 2157 951 2218 linum
962 2159 1098 2244 regium.

1 2253 2 2256 ¹
45 2259 105 2325 ct
125 2257 297 2323 d'onille
314 2255 489 2320 Memoiree
509 2254 560 2317 lor
580 2256 735 2341 l’Egypte
757 2278 790 2341 p.
805 2271 889 2338 231.
928 2260 967 2321 In
995 2259 1101 2323 tabula

1 2391 2 2394 ¹
47 2361 178 2424 elicitur
193 2359 347 2422 berenice
359 2358 601 2444 Troglodytica.
635 2356 687 2420 Cl.
704 2359 800 2421 etiam
815 2361 976 2424 Antonini
992 2361 1099 2424 itiner.

1 2485 2 2490 ¹
47 2483 83 2548 p.
100 2483 152 2526 ιιι.
175 2477 240 2544 ¹7¹
261 2457 304 2542 lq.
329 2459 442 2524 Strabo
465 2475 519 2536 ¹7·
537 2480 607 2544 pag.
625 2461 710 2538 560.
726 2459 746 2522 l.
765 2473 849 2540 815.
870 2475 902 2524 et
917 2460 1043 2526 Salmas.
1061 2465 1102 2528 ed

50 2565 163 2628 Solia.
185 2581 251 2644 cap.
267 2571 327 2644 54.
344 2559 366 2626 l.
382 2573 441 2638 57.
459 2581 492 2644 p.
507 2581 551 2624 ιιι.
568 2571 653 2641 834.
688 2563 822 2624 Putator
842 2563 876 2626 h.
891 2562 952 2626 elle
971 2555 1102 2654 Coffeir,

50 2665 110 2730 etii
129 2665 188 2728 alii
202 2665 302 2726 aliter.
354 2663 427 2725 Vitl.
445 2661 596 2725 Staclriua
612 2665 650 2726 ad
665 2665 791 2728 Arrian.
811 2684 881 2750 pag.
896 2673 931 2745 4.
959 2665 1101 2750 Allgem.

51 2767 202 2831 Historia
217 2765 273 2827 der
288 2763 405 2827 lleilen
422 2765 492 2828 Vol.
514 2785 545 2828 ι.
558 2785 590 2847 p.
608 2779 693 2829 9ι9.
727 2765 874 2830 Alteram
890 2765 964 2829 iacit
978 2759 1104 2832 Pliniue

53 2891 81 2934 c.
101 2871 126 2931 l.
150 2887 233 2950 quae
248 2857 451 2958 Panchrysos
468 2867 691 2954 cognominata
708 2865 763 2930 ell.
807 2867 898 2930 Hanc
919 2867 1106 2934 Hardttinue

53 2985 88 3036 et
111 2983 192 3033 aute
214 2968 368 3032 Cellariue
384 2987 411 3030 c.
435 2967 457 3032 l.
481 2983 594 3050 potant
618 2967 695 3038 elle,
730 2987 810 3050 quae
831 2989 847 3030 a
869 2967 1025 3032 Strabone
1045 2971 1102 3034 16.

52 3093 89 3158 p.
108 3085 199 3152 551.
217 3067 238 3134 l.
253 3083 298 3145 77
308 3089 338 3134 t.
355 3081 487 3133 vocatur
502 3064 653 3157 Βερενίκη
668 3061 686 3154 ἦ
701 3065 792 3133 xoret?
809 3065 944 3147 Σαβάς,
970 3070 1025 3132 etii
1039 3070 1103 3133 Pli-

52 3177 134 3238 ntae
153 3173 251 3235 litum
267 3169 333 3253 ipie
356 3189 423 3234 non
446 3171 568 3234 definit.
619 3171 762 3233 Tertiam
786 3183 879 3234 vocet
896 3171 1045 3252 Epidires
1065 3175 1102 3234 in

54 3275 208 3353 feracibus
222 3271 351 3338 Arabici
368 3271 461 3343 since,
480 3291 560 3354 quae
576 3271 639 3334 fine
655 3270 755 3334 dubio
768 3271 812 3335 ell
826 3271 938 3342 nollra.
957 3285 991 3334 et
1004 3267 1101 3362 Δειρὴ

52 3373 237 3461 πολίχνιον
252 3375 291 3436 ael
306 3372 410 3438 laucee
425 3373 510 3446 otttt.
541 3373 600 3436 uhi
621 3371 712 3436 Dira
728 3371 771 3436 eil
784 3375 1044 3456 promontorium
1066 3378 1101 3438 io

54 3479 258 3560 Aethiopiae
271 3493 336 3548 ora,
363 3475 543 3559 liropliciter
556 3475 731 3559 adpellitur
745 3495 763 3539 a
777 3475 933 3537 Strabone
954 3477 1008 3539 ι6.
1027 3495 1099 3560 pag.

57 3593 148 3662 599.
168 3577 189 3641 l.
205 3579 290 3656 769.
306 3592 340 3641 et
352 3577 538 3640 Ptolemaeo
554 3585 589 3656 4.
604 3591 639 3648 7.
676 3571 799 3638 Voffiue
814 3575 906 3639 haec:
932 3577 1007 3639 Tria
1024 3597 1102 3640 vero

55 3681 184 3766 oppida
199 3661 240 3741 iic
255 3680 338 3741 dicta
355 3678 450 3740 arlbta
464 3677 553 3742 inere
568 3679 647 3740 linui
662 3677 816 3748 Arabico.
843 3696 945 3739 unum
960 3679 995 3738 iu
1011 3677 1101 3750 ollio,

54 3785 218 3853 alterum,
243 3781 331 3860 qaod
349 3779 495 3842 lolllitiali
511 3778 611 3842 sabell
626 3779 758 3850 circulo,
786 3781 934 3848 tertiam.
960 3777 1048 3861 quod
1066 3780 1101 3840 in

55 3887 184 3948 intimo
211 3883 281 3944 eioe
306 3881 422 3944 recellu
447 3881 539 3946 iacet.
599 3881 722 3943 Plinius
747 3880 843 3943 etiam
864 3900 893 3943 c.
914 3880 936 3942 l.
961 3891 1103 3962 quartam

15 4035 18 4072 ,
56 3985 243 4054 Berenicen
277 3981 418 4061 recenset
443 3982 481 4044 ad
508 3983 595 4044 bunc
620 3983 759 4044 eundem
792 3981 915 4052 linum,
953 3981 1104 4063 additque

16 4149 19 4200 h
56 4082 276 4179 Πάγχρυσον
299 4087 418 4150 dictam
438 4081 540 4150 luille.
589 4085 695 4151 sirum
722 4096 828 4145 tamen
852 4101 920 4148 999
946 4079 1103 4157 describit.

17 4201 20 4278 ι
699 4185 774 4252 Za
1050 4187 1052 4192 '
