2650 4896
108 408 309 466 manua.
337 405 444 464 urar.
486 407 598 466 nur.
639 405 758 470 ovrr.
801 377 878 478 tle.
947 421 1008 487 243

10 586 101 652 dorica
130 581 280 661 exemplis
312 579 463 662 probant,
496 581 564 644 vicl.
586 581 714 645 Salmas.
738 583 771 644 in
801 602 901 646 exerc.
923 583 1008 649 Plin.

11 711 36 774 p.
47 693 164 760 m.781.
188 683 366 743 Eumeniua
383 683 417 742 in
433 683 551 765 Paneg.
566 683 604 743 ad
621 683 781 748 Conllant.
793 683 879 746 Caes.
898 697 954 768 14,
973 701 1007 750 o.

13 785 217 878 edificationem
233 795 267 843 et
284 773 406 873 curfitm
428 785 604 867 coniungit.
649 785 741 871 Quae
756 787 793 848 ad
811 786 934 848 dierum
950 808 1008 848 nu·

13 906 107 952 merum
130 885 161 945 in
183 885 385 946 terminando
407 883 499 946 cursu
519 883 654 957 faciunt,
680 887 780 948 adtuli
798 888 834 948 in
853 889 1009 954 noterit.

11 1010 61 1074 pag.
78 999 153 1064 213.

61 1188 140 1250 dies
162 1187 413 1272 noctesque)
462 1189 642 1271 Utrumque
657 1189 691 1250 in
705 1190 911 1274 navigatione
925 1205 1009 1254 recta

10 1293 190 1374 'toniungunt
244 1291 299 1354 sie
315 1287 468 1373 biduoque
487 1303 518 1352 et
533 1288 676 1352 noctibus
693 1289 794 1352 tribus
806 1293 1011 1372 nrroigrrtr'oue

14 1383 149 1481 consumtis
164 1390 224 1454 lul.
241 1389 329 1454 Cael.
342 1395 381 1453 rle
398 1392 436 1454 Β.
453 1391 490 1454 C.
507 1407 540 1462 Ω,
559 1405 616 1472 25.
645 1392 744 1472 Supra
761 1407 793 1462 Ω,
811 1407 843 1466 7,
863 1393 896 1456 6.
918 1384 1011 1483 cursu

10 1491 56 1554 ¹iii
69 1493 156 1554 totius
169 1489 312 1554 obducto
325 1490 387 1586 est,
415 1492 471 1554 ubi
485 1505 613 1556 noctem
630 1493 860 1575 complectitur.

67 1689 266 1776 abducta)
317 1695 343 1757 Ι.
362 1715 390 1758 e.
414 1696 493 1756 ultra
513 1695 629 1756 lineam
647 1695 746 1765 coeli,
775 1693 829 1756 iub
845 1713 904 1775 qua
921 1707 1013 1756 terra·

14 1813 65 1856 rom
85 1794 250 1856 nostrarum
286 1798 500 1859 extremitates
531 1797 652 1868 iacent,
688 1809 812 1858 tanturn
838 1797 1013 1878 procedent

15 1893 93 1959 retu
105 1897 280 1960 meridiem.
308 1916 332 1962 r.
352 1917 546 1961 onouovrra
563 1897 639 1960 MS.
661 1918 692 1960 r.

71 2097 218 2181 neuter)
257 2099 413 2182 Respectu
428 2099 566 2161 ursarum
584 2099 713 2162 meloda
732 2113 764 2161 et
781 2099 925 2162 minoris.
951 2096 1017 2160 sert

16 2197 135 2262 elletrot.
176 2200 261 2262 Sunt
276 2204 363 2262 enlm
380 2199 451 2263 illae
467 2200 649 2283 conspicuae
665 2201 833 2270 omnibus,
857 2201 912 2280 qui
934 2201 1016 2262 iutra

17 2299 102 2360 lineam
118 2303 378 2383 aequinoctialem
400 2303 561 2373 habitant,
586 2303 685 2384 rpralie
700 2303 744 2362 eil
765 2299 908 2361 universa
928 2301 1017 2361 ludia

17 2402 159 2464 trutinent.
187 2423 210 2466 r.
233 2422 431 2466 oaouorrva
448 2403 524 2466 MS.
569 2403 620 2466 Cf.
639 2422 717 2485 quae
734 2403 772 2462 rle
789 2403 846 2462 hac
860 2402 1016 2482 opinione

18 2499 124 2581 tliapntat
143 2504 255 2566 Strabo
275 2521 306 2565 o.
331 2523 400 2588 pag.
419 2517 477 2584 53.
502 2503 523 2568 l.
543 2519 600 2580 77.
628 2518 662 2566 et
684 2503 729 2563 ibi
751 2502 868 2564 Pruzel
893 2501 962 2562 Vol.
984 2521 1014 2563 1.

17 2616 120 2680 port.
144 2607 195 2685 qui
214 2607 313 2666 etiam
335 2618 445 2690 negat,
478 2620 642 2686 utramque
664 2603 764 2665 ursam
792 2604 935 2664 occidere
961 2603 1016 2674 ibi,

20 2702 71 2780 qnia
87 2705 183 2768 minor
207 2709 247 2768 iia
269 2709 413 2769 occidere
433 2713 555 2767 tantuut
578 2701 691 2789 polilt,
726 2706 780 2785 qui
803 2705 948 2766 nondum
973 2716 1015 2781 ιθ

20 2803 135 2882 gradibus
151 2827 167 2866 a
182 2806 266 2868 linea
285 2807 342 2866 lint
358 2809 492 2878 remoti,
519 2807 557 2867 ad
581 2806 741 2866 summum
762 2809 794 2864 in
816 2803 1018 2865 meridionali

19 2901 85 2964 lulla
102 2909 394 2970 veteredimidiam
418 2911 486 2971 elue
511 2925 648 2990 partem,
681 2907 766 2989 quod
790 2905 872 2966 cadit
893 2907 927 2964 in
948 2923 1018 2967 orae

19 3001 140 3066 ornatae
154 3021 186 3069 et
207 3009 427 3072 Coromandel.
466 3012 616 3071 Arrianus
637 3011 671 3068 in
698 3010 770 3069 lnd.
791 3025 856 3087 cap.
877 3015 933 3081 25.
962 3005 1018 3065 ubl

19 3103 110 3167 idema
127 3107 272 3170 Nearcho
294 3112 443 3171 traditum
466 3109 576 3179 refert,
608 3111 680 3191 quia
696 3111 782 3170 idern
800 3108 832 3166 in
851 3107 918 3166 aliie
941 3105 1018 3190 locis

20 3208 132 3279 eveniat.
162 3209 409 3272 cousentaneum
434 3225 522 3294 putat
546 3212 580 3271 ln
605 3211 707 3280 lnrlie,
734 3209 788 3290 qui
812 3207 1018 3268 meridianam

19 3317 112 3382 partem
126 3309 279 3374 habitant.
319 3313 380 3374 Alii
397 3313 436 3374 de
451 3311 639 3396 Taprobane
655 3310 742 3377 idem
759 3321 894 3370 narrant.
931 3307 1016 3369 Plin.

23 3403 46 3472 5.
63 3420 110 3486 ott.
132 3409 151 3474 l.
170 3427 228 3476 22.
250 3413 438 3492 septemtrio
457 3435 521 3476 nort
545 3414 690 3475 cernitur.
750 3409 850 3471 Solio.
874 3427 941 3490 cap.
958 3421 1017 3486 53.

22 3502 138 3572 uberius:
175 3514 286 3595 Neque
309 3505 553 3604 septemtriones
583 3513 646 3574 illie
672 3501 926 3602 conspiciuntur,
963 3529 1019 3571 Ποῦ

25 3602 151 3687 Vergiliae
171 3614 339 3694 adparent.
389 3615 515 3677 Lunam
538 3612 579 3674 ab
602 3626 721 3674 octava
743 3614 775 3672 iu
790 3603 918 3701 sextam
939 3608 1019 3672 deci·

22 3723 219 3774 mauraneum
235 3707 340 3803 supra
362 3727 477 3778 terram
499 3715 609 3777 vident
631 3747 683 3761 --
708 3731 787 3793 quae
810 3711 949 3772 reddidit
969 3713 1021 3774 lis·

23 3802 77 3866 lem
90 3807 147 3874 lere
161 3816 265 3878 verbio
281 3815 455 3878 Martianus
470 3817 599 3899 Capella
613 3815 668 3878 lib.
685 3815 718 3877 6.
735 3835 766 3896 p.
786 3821 870 3892 224.
912 3812 1020 3896 Quare

22 3901 115 3988 legator
144 3917 217 3978 inrle
251 3918 389 3978 Ilomam
427 3917 586 4000 profertor
625 3915 793 4000 adomiraroe
825 3911 885 3973 elle
915 3930 1020 3976 narrat

23 4001 159 4081 Pliniuee.
178 4017 201 4082 l.
227 4016 468 4104 septemtriones
498 4017 711 4104 vergiliasque
741 4013 827 4098 apud
853 4013 1021 4080 Romanoa

613 4119 693 4203 ΟΩ
