2650 4896
170 419 223 478 rn
251 418 390 476 nour.
419 415 526 476 net.
566 417 676 476 cm
719 416 855 482 cvm·
897 421 976 492 te·
1038 431 1102 497 en

55 594 81 658 s.
101 596 164 659 96.
197 595 309 676 quiin
332 612 372 656 eo
395 606 497 656 tractu
520 593 616 676 pouit
639 591 901 677 Ctesiphontem,
936 614 954 657 a
977 595 1105 658 Parthie

58 698 240 760 conditam.
280 697 353 758 Vid.
381 695 534 760 Cellariue
557 696 591 758 io
617 695 735 780 Geogr.
758 710 826 760 ant.
844 711 877 776 5,
902 712 959 770 17,
985 711 1043 774 95.
1070 711 1105 761 et

56 797 348 882 Schweighaeuser.
367 799 405 860 ad
421 797 535 875 Polyb.
553 809 586 874 5,
601 807 660 878 54,
679 811 712 868 7.
749 799 846 880 Quod
862 801 894 859 in
912 800 1014 860 altero
1031 801 1104 863 loco

55 902 98 962 de
110 901 279 977 Gordyaec
297 897 411 970 scribit,
431 893 567 961 Persidie
583 898 659 961 hoec
675 911 741 960 erat
757 899 798 982 (i.
815 920 844 962 e.
862 901 976 962 Persici
992 899 1104 985 regni)

56 1023 143 1086 para,
171 1013 303 1063 notante
317 1001 497 1083 Stephano,
524 1001 580 1082 qui
603 1001 681 1062 item
696 1002 838 1086 Tigridis
855 997 1007 1089 ἐκβολὴν.
1034 1006 1056 1065 i.
1073 1023 1102 1067 e.

54 1103 302 1188 scaturiginem,
326 1115 363 1164 ut
384 1103 476 1164 docet
494 1099 679 1174 Berkeliue,
711 1104 796 1165 iuxta
818 1107 923 1185 ponit.
963 1106 1050 1176 Sitne
1064 1125 1105 1166 err

57 1206 243 1285 Gordyaeie
263 1203 429 1265 montibus
453 1205 537 1286 apud
556 1203 640 1267 Plin.
660 1205 694 1273 6,
716 1219 771 1280 17.
794 1203 814 1267 s.
838 1219 891 1282 ¹5·
918 1220 977 1282 31.
1002 1205 1022 1269 s.
1043 1221 1104 1281 97.

57 1305 210 1390 cognosci
233 1306 349 1386 potest,
375 1305 429 1368 etsr
447 1306 571 1365 variant
593 1308 627 1366 in
647 1325 758 1368 eorum
775 1306 834 1367 situ
858 1319 1020 1376 auctoree,
1055 1309 1105 1370 uti
1205 1355 1207 1358 -

57 1410 175 1470 docuit
197 1408 373 1470 Bochartue
396 1408 430 1467 in
456 1407 577 1491 Pheleg
599 1425 629 1479 t,
654 1421 687 1483 3.
743 1409 857 1469 innuit
881 1421 966 1470 certe
989 1408 1104 1474 Strabo

57 1509 197 1588 Assyriae
214 1521 247 1572 et
273 1505 522 1590 Mesopotamiae
542 1523 676 1588 partem.
709 1509 776 1572 Sub
798 1511 837 1572 iie
861 1511 975 1581 etiarn,
999 1511 1053 1573 etsi
1070 1513 1104 1572 in

57 1612 214 1674 Armenia
230 1610 341 1672 maiori
356 1613 458 1693 ponit,
474 1625 505 1672 et
517 1609 624 1694 Tigrie
638 1607 753 1681 sontee,
763 1624 796 1672 et
805 1610 986 1693 Thospitim
999 1613 1105 1674 lacum

57 1713 271 1774 Ptolemaeus
287 1723 320 1788 5,
342 1727 396 1787 13.
424 1709 507 1774 sorte
519 1715 594 1792 quia
612 1710 651 1772 src
669 1723 838 1795 utramque
855 1715 1043 1794 opinionem
1064 1715 1106 1776 de

56 1813 211 1876 sontibus
228 1813 514 1897 conglutinaverat.
554 1811 704 1875 Consecri
719 1833 792 1875 cum
811 1812 1022 1896 superioribue
1037 1813 1106 1897 pos·

59 1917 157 1986 sunt,
181 1905 263 1997 qt'rae
279 1917 401 1997 prolixe
423 1915 599 1996 dieputevit
613 1913 739 1978 Salmas.
756 1917 796 1976 ed
811 1915 912 1980 Sosin.
929 1937 957 1978 c.
971 1917 993 1978 l.
1010 1936 1043 1998 p.
1060 1937 1105 1980 m.

58 2027 136 2096 437
157 2016 220 2100 sqq.
271 2018 378 2079 Hodie
398 2014 503 2079 sontes
520 2019 552 2078 in
568 2015 703 2095 Affyriae
724 2037 760 2079 ea
782 2032 887 2101 parte,
914 2037 993 2100 quae
1013 2018 1108 2079 Kirir·

58 2119 174 2211 dfion
197 2134 347 2189 vocatur,
381 2120 415 2179 in
438 2120 602 2200 provincie
624 2118 791 2182 Sekerezur
813 2118 920 2182 versuo
937 2119 1105 2182 meridiem

59 2219 332 2302 Mesopotamiae,
349 2220 404 2281 ubi
422 2219 601 2282 Diorbekir.
640 2219 712 2282 virt.
731 2219 891 2306 Biisching
909 2223 949 2281 T.
968 2233 1001 2298 5.
1016 2221 1053 2284 P.
1075 2242 1104 2283 t.

58 2344 93 2406 p.
112 2335 194 2402 198.
209 2336 242 2384 et
256 2335 341 2402 238.
380 2321 549 2384 D’Anville
565 2323 598 2382 in
616 2321 719 2382 tabule
736 2323 775 2384 de
787 2321 877 2384 cursu
888 2325 1057 2404 Euphratie
1072 2337 1107 2386 et

60 2426 173 2508 Tigris
195 2425 230 2484 in
247 2424 387 2505 Niphate
403 2438 514 2486 monte
532 2443 587 2485 eoe
603 2423 750 2487 osiendit,
769 2457 821 2470 —
846 2427 919 2495 Sed,
944 2445 1013 2508 ege,
1035 2443 1107 2506 pro·

61 2527 233 2587 trudemus
255 2526 332 2586 hinc
346 2526 470 2609 Tigrin,
495 2544 534 2587 ex
552 2523 786 2586 Armeniacum
803 2525 920 2589 Plinio.
962 2527 1107 2608 Acceptit

61 2627 110 2690 ibi
130 2627 258 2688 duoboe
278 2627 467 2688 fluminibue
483 2617 639 2715 Affyrr'em
656 2627 851 2710 ingreditur,
877 2640 910 2689 et
925 2619 1108 2689 Adiabenos

64 2729 300 2800 disterminant,
318 2717 590 2816 Mesopotamiam
608 2725 691 2789 iacit.
726 2729 901 2810 Procopius
918 2731 956 2790 de
971 2729 1009 2791 ll.
1023 2726 1107 2791 Pers.

71 2853 102 2901 a,
126 2847 182 2904 17.
211 2831 265 2913 qui
283 2849 355 2891 cum
369 2829 476 2891 Plinio
493 2827 659 2898 consentit,
686 2842 774 2890 recto
790 2829 879 2890 cursu
897 2843 930 2891 et
948 2830 1009 2912 sine
1024 2831 1107 2892 slexn

64 2933 179 2994 alienia
202 2932 289 3014 aquit
310 2950 422 3013 perum
451 2943 578 2992 coctum
600 2929 639 2990 ad
662 2931 808 2990 Amidam
833 2929 944 2992 urbem
969 2933 1108 3001 rlerlucit,

66 3036 156 3096 unde
172 3035 207 3094 in
226 3033 376 3112 Assyriam
396 3033 597 3094 devolvetur.
647 3029 685 3090 ln
702 3029 820 3110 Assyria
835 3032 952 3113 excipit
973 3045 1034 3094 tree
1052 3033 1108 3092 siu·

67 3137 159 3206 vioe,
186 3135 340 3203 Leucum,
367 3131 508 3214 Coprnm
523 3147 556 3196 et
576 3131 726 3211 Gorgrrm,
756 3131 915 3210 (Ptolem.
933 3133 965 3201 6,
990 3137 1041 3210 r.)
1067 3133 1109 3196 de

68 3237 188 3320 quibua
204 3237 272 3300 vid.
289 3235 442 3298 Cellrriue
463 3237 496 3296 in
519 3235 636 3318 Geogr.
651 3244 717 3296 ant.
737 3245 768 3312 5,
789 3248 844 3308 17,
861 3245 894 3311 5.
919 3232 1108 3315 Nimrmque

67 3340 277 3422 praeterfluit.
304 3336 489 3414 (Nearchus
510 3355 541 3417 p.
556 3349 614 3415 37.
631 3332 732 3399 Horis.
755 3334 840 3399 Plio.
859 3333 967 3404 6,.16.
986 3332 1006 3396 s.
1031 3338 1108 3414 13.)

70 3441 172 3524 Quod
194 3461 250 3523 per
270 3438 413 3502 Mediam
434 3438 558 3498 ducunt
579 3437 714 3498 Diodor.
732 3453 765 3507 9,
788 3457 842 3500 ιι.
869 3449 902 3500 et
923 3433 1057 3500 Curtiut
1076 3449 1108 3513 5.

76 3565 106 3612 a,
130 3553 186 3624 14.
202 3543 297 3626 louge
313 3541 467 3610 aberrant,
488 3539 536 3600 uti
549 3551 746 3600 monuerunt
760 3539 798 3600 erl
814 3551 985 3620 utrumque
1003 3539 1108 3599 locnm

69 3643 256 3728 wesseling.
271 3659 304 3704 et
318 3641 501 3709 Glareanus,
518 3659 617 3722 quem
631 3637 696 3701 salli
714 3653 834 3703 temere
851 3651 940 3723 putat
955 3639 1108 3702 liuderue.

71 3745 166 3808 Circa
188 3745 356 3807 Seleuciam
380 3741 590 3821 Babyloniam
609 3755 677 3820 125
694 3741 740 3805 M.
758 3741 794 3803 P.
813 3740 933 3803 divisor
952 3741 984 3800 in
1002 3741 1109 3802 elveoe

72 3849 173 3916 duoe,
200 3847 298 3907 altero
321 3845 487 3906 meridiem
508 3863 543 3903 ac
560 3842 726 3904 Seleuciam
747 3845 846 3927 petit,
873 3831 1021 3931 Mesenen
1043 3861 1110 3924 per·

70 3945 232 4019 sundene,
264 3948 362 4008 altero
384 3945 422 4005 ad
440 3943 699 4028 septemtrionem
716 3944 816 4007 denne
838 3945 981 4008 eiusdem
1006 3944 1110 4028 gentio

71 4063 166 4136 tergo
187 4067 316 4130 campoe
339 4045 487 4109 Cauchas
505 4044 594 4108 secat.
611 4043 727 4130 (Plin.
745 4067 772 4109 c.
791 4043 834 4129 l.)
886 4047 1020 4116 Aloeus,
1046 4065 1109 4127 qno

72 4153 245 4218 meridiem
271 4149 368 4234 petit,
394 4147 515 4220 Delas,
550 4145 693 4210 diversus
718 4149 825 4233 Tigrin
848 4147 950 4210 dictur
973 4147 1032 4220 est,
1064 4149 1111 4208 uti
