2748 4888
259 435 301 502 00
530 422 694 484 noran
733 424 1041 484 nxnonrrorn

260 599 392 678 direrli3
419 597 507 683 quod
529 599 568 662 ad
588 601 803 664 enarrationes
823 599 985 668 historicae
1003 597 1237 684 Geographiae
1257 614 1342 660 rne-

259 705 323 767 liue
345 702 513 787 relegatur.
553 702 730 765 Ameridie
746 714 852 765 tamen
871 701 983 766 Noster
1003 703 1132 786 longius
1154 701 1338 784 porrigit,

260 824 357 890 quarn
383 805 499 873 ceteri.
534 804 573 864 ed
599 805 713 886 Alpes,
747 823 821 866 cum
850 805 925 866 aliae
953 803 1122 866 Danubiue
1146 806 1339 865 terminu·

261 919 413 992 ponatur.
447 907 583 969 Secutae
599 917 707 967 temen
723 905 855 968 videtur
868 906 1056 990 Agrippam.
1079 906 1133 988 qui
1150 905 1240 968 teste
1263 903 1339 964 Pli-

260 1011 319 1071 nio
335 1018 369 1087 4,
388 1017 447 1085 ⁹8·
461 1004 482 1073 l.
498 1017 553 1084 14.
575 1006 695 1068 adiecta
713 1007 823 1068 Raetia
840 1019 873 1068 et
889 1005 1009 1070 Norico
1027 1007 1227 1070 Germaniae
1252 1007 1338 1066 lorr-

260 1109 442 1195 gitudinem
462 1108 616 1170 indicavit
632 1107 704 1188 696
722 1107 769 1170 M.
787 1107 825 1172 P.
847 1121 882 1168 ut
897 1109 1102 1178 latitudinem
1120 1118 1205 1186 143.
1244 1108 1336 1170 Vid.

262 1211 396 1274 Cluver.
412 1211 446 1272 in
461 1209 572 1273 Germ.
585 1221 650 1271 ant.
674 1232 701 1282 ι,
725 1229 778 1274 ιι.
795 1229 826 1292 p.
844 1211 891 1284 76
907 1208 949 1291 lq.
988 1212 1038 1272 De
1053 1210 1171 1272 llbeno
1188 1211 1337 1278 omnia

262 1310 335 1373 lunt
354 1324 440 1376 nott.
492 1312 530 1378 ln
552 1311 668 1372 Vistula
691 1309 896 1374 consentiunt
920 1311 1046 1374 Plinius
1062 1321 1095 1394 4.
1120 1324 1176 1393 25.
1205 1309 1235 1374 l.
1264 1325 1334 1374 12.

261 1403 401 1478 Ptolem.
421 1427 453 1483 o.
478 1431 533 1476 ιι.
555 1411 704 1494 idemque
720 1414 755 1474 in
772 1411 917 1481 Oceano.
942 1433 1040 1495 quern
1059 1425 1153 1474 vocat
1173 1412 1335 1476 Gornea-

262 1515 367 1578 ericum
384 1514 487 1578 Tacit.
504 1533 531 1578 o.
546 1514 569 1580 l.
608 1513 720 1576 Noster
742 1513 811 1596 poll
835 1511 977 1576 strictiori
1001 1514 1115 1582 limite.
1139 1515 1190 1576 vel
1217 1525 1332 1598 parte

262 1618 333 1682 eiua
346 1615 465 1678 Oceani
488 1615 598 1698 polita,
617 1612 728 1706 finum
747 1613 930 1688 Codanum,
963 1616 1016 1676 alii
1035 1636 1121 1676 more
1137 1615 1333 1676 saeviorem

261 1730 297 1781 et
312 1716 474 1780 Oceanum
489 1716 781 1795 septemtrionalem
800 1717 888 1778 vario
903 1714 959 1780 ulu
974 1731 1006 1778 et
1028 1713 1116 1778 lenlu
1131 1716 1327 1798 adpellant.

262 1821 314 1883 De
332 1817 440 1882 Plinio
463 1817 583 1882 condat
602 1838 642 1878 err
664 1817 718 1881 lib.
736 1828 770 1897 4,
789 1830 846 1898 33.
871 1815 892 1879 l.
914 1837 927 1882 r
935 1837 969 1898 9.
989 1809 1078 1881 vidid.
1102 1819 1249 1880 omnino
1277 1817 1327 1878 de

263 1920 380 1984 finibus
402 1921 524 2002 Spener
546 1921 580 1982 in
603 1921 698 1982 notit.
719 1917 828 1982 Germ.
844 1919 915 1983 Vol.
940 1939 968 1982 ι.
990 1938 1022 2000 p.
1037 1929 1096 2001 24.
1135 1920 1256 2004 diting
1283 1919 1326 1980 in

263 2035 333 2086 not.
351 2021 461 2083 Germ.
483 2019 575 2083 infer.
597 2021 633 2082 P.
656 2039 684 2083 r.
703 2040 774 2104 pag.
796 2033 876 2095 107.
904 2021 959 2102 qui
979 2034 1012 2082 et
1033 2018 1229 2103 superiorem
1260 2020 1325 2081 ad·

264 2122 374 2207 tingit.
425 2121 561 2203 Reliqua
582 2122 633 2182 vel
656 2121 770 2184 Noller
783 2123 940 2192 narrarit,
968 2121 1020 2183 rel
1035 2141 1114 2203 quae
1131 2123 1320 2203 praeteriit.

263 2222 382 2303 (multe
405 2223 492 2284 enim
516 2219 669 2308 ignorelle
685 2222 830 2295 videtur,
861 2243 941 2305 quae
964 2243 1003 2284 ex
1026 2222 1155 2286 Caesare
1177 2235 1318 2304 poterat

263 2322 401 2401 diluere)
430 2323 500 2385 dara
531 2343 626 2406 opera
651 2323 685 2384 in
711 2326 823 2406 primia
849 2325 988 2406 conlegit
1015 2323 1196 2387 Cluverius.
1253 2320 1318 2390 Cf.

263 2428 360 2490 etiem
377 2423 518 2488 Meinere
531 2425 611 2488 iiber
627 2426 679 2487 dio
695 2423 797 2488 Natur
812 2426 868 2488 der
884 2425 1130 2488 Germanilclren
1149 2426 1215 2488 und
1232 2425 1315 2488 Cel·
1372 2477 1373 2486 ,

263 2524 384 2589 tilchen
406 2526 528 2590 volker
547 2527 582 2589 in
606 2527 752 2612 Giitring.
774 2527 879 2590 histor.
905 2528 1052 2611 Mugazin
1070 2528 1141 2590 Vol.
1158 2539 1191 2603 8.
1220 2547 1253 2608 p.
1278 2545 1312 2588 r.

262 2640 298 2690 et
314 2644 395 2708 quot
411 2627 528 2690 laudet.
565 2627 717 2691 Ceterum
735 2628 798 2690 hoc
814 2627 916 2690 Melae
937 2641 1030 2711 caput
1045 2629 1182 2690 editioni
1196 2626 1312 2688 Taciti

263 2728 305 2791 de
327 2729 496 2791 Germania
519 2728 682 2811 adpendit,
709 2727 856 2814 adiperlis
880 2729 1072 2813 quibuadam
1095 2731 1131 2792 in
1156 2729 1309 2814 margine

265 2825 467 2900 coniecturie.
491 2829 699 2916 Contingiue.

341 3030 695 3114 Sarmaticarum)
745 3033 921 3116 Quomodo
947 3033 1025 3096 haee
1053 3033 1139 3096 Mela
1163 3027 1309 3116 intelligi
1371 3083 1372 3086 ,

263 3134 363 3206 velit,
388 3153 465 3195 mox
487 3154 552 3216 cap.
569 3145 603 3213 4.
626 3133 741 3197 Villula
757 3153 851 3198 amne
872 3137 1017 3198 declaret.
1058 3137 1151 3196 Idem
1163 3133 1251 3198 Plin.
1268 3143 1307 3212 4,

266 3249 324 3314 25.
342 3233 362 3300 l.
384 3250 437 3297 ro.
455 3249 488 3296 et
504 3235 641 3298 Ptolem.
658 3253 691 3308 Ω,
713 3254 768 3300 rr.
806 3237 867 3299 Sed
883 3221 951 3320 poll
962 3238 1131 3322 Agrippam
1146 3249 1180 3298 et
1196 3219 1313 3296 Melae·

180 3353 182 3358 ·
265 3351 399 3400 aetatem
419 3337 500 3398 ultre
522 3335 672 3398 vistulam
695 3338 851 3400 terminon
874 3339 1015 3418 prolatet
1035 3336 1140 3407 loide,
1167 3333 1304 3416 operose

264 3439 419 3501 adstruere
439 3451 540 3500 tentat
555 3437 686 3503 Cluver.
708 3440 742 3499 in
762 3439 871 3502 Germ.
889 3453 953 3503 ant.
975 3454 1007 3517 3,
1031 3449 1090 3520 42.
1108 3459 1139 3517 p.
1156 3437 1241 3512 671.
1266 3437 1305 3496 ira

265 3541 439 3620 eademque
485 3537 638 3600 sententia
672 3540 813 3601 Plinium
846 3544 940 3602 eriam
968 3562 995 3605 c.
1028 3543 1049 3604 l.
1083 3537 1173 3600 fuille
1207 3549 1305 3619 putat

265 3653 394 3724 propter
417 3638 593 3710 Basternae,
624 3658 705 3721 quot
726 3641 805 3701 olim
830 3643 868 3702 ed
895 3643 1079 3703 Danubium
1101 3654 1135 3701 et
1155 3641 1303 3700 Pontum

264 3741 427 3824 permilloe
450 3739 539 3803 inille
561 3759 600 3804 ex
622 3743 690 3803 aliia
714 3741 843 3805 constet.
892 3744 1012 3822 Contra
1039 3753 1144 3804 tuetur
1168 3743 1301 3821 Spener,

263 3845 299 3906 in
322 3844 417 3906 notit.
440 3842 548 3904 Germ.
572 3855 637 3904 ant.
661 3861 687 3914 r,
706 3859 739 3910 2.
757 3859 790 3906 Ω.
809 3863 842 3925 p.
862 3863 918 3908 ιο.
943 3846 1090 3906 Tacitum
1110 3857 1142 3902 et
1156 3842 1301 3902 Plinium

264 3942 427 4026 respexille
452 3956 582 4028 gentem
609 3944 846 4014 Germanicam,
877 3946 997 4008 Melam
1024 3961 1057 4006 et
1079 3945 1300 4006 Ptolemaeum

265 4059 393 4108 terram.
436 4043 581 4107 Omnino
598 4059 741 4109 auctores
762 4047 801 4108 ab
823 4047 881 4108 hac
901 4062 987 4129 parte
1011 4049 1166 4108 terminos
1188 4043 1298 4106 consti·

265 4161 360 4208 ruunt
372 4147 562 4207 Germaniae
578 4146 630 4207 vel
647 4148 810 4219 Vistulam,
829 4149 881 4210 rel
898 4150 1093 4219 Sarmatiam,
1111 4149 1158 4208 uti
1175 4157 1298 4231 praeter
