2650 4896
271 405 339 478 5¹4
542 397 699 462 norea
744 399 1040 461 nnaoarrcao

272 573 296 640 i.
314 589 348 647 9,
368 587 403 655 3.
426 573 569 658 Digiai,
594 591 634 640 ex
650 593 714 660 qno
728 573 824 640 refert
839 576 926 640 idern
940 577 1075 642 Zonarae
1089 575 1196 644 Annei.
1216 595 1243 651 ι.
1258 594 1280 646 9

272 696 375 759 eoque
397 681 530 742 nomine
550 678 712 740 indicatur
732 675 776 742 ri
800 673 887 767 prro?
911 673 1105 768 στενότητος
1127 667 1197 756 ὀξύ.
1232 681 1288 746 He·

270 779 414 842 braiaum
433 779 476 842 eo
495 779 659 872 nedoni.
712 779 832 844 Priorie
853 781 995 844 nominis
1017 783 1148 867 vestigia
1168 779 1290 846 ferant

269 881 355 946 Pan.
372 881 404 950 6,
423 895 481 962 3ι.
496 883 542 945 in.
563 879 585 947 i.
604 897 662 956 97.
685 881 730 944 in.
754 883 812 943 uhi
829 882 925 945 haec:
955 879 1066 973 ipfiar
1088 904 1210 956 nomen,
1232 905 1290 970 qna

269 977 488 1070 tnriiorflnit,
510 983 650 1066 Diglito,
673 981 759 1044 unde
770 984 959 1056 concitator.
985 1007 1007 1044 a
1023 985 1181 1046 celeritate
1197 985 1288 1066 Tigris

268 1085 387 1162 incipit
407 1087 528 1149 vocari.
578 1085 680 1170 Igitur
701 1085 782 1146 illuri
800 1104 921 1148 nomen
941 1081 1033 1170 geffit
1045 1086 1088 1148 ab
1102 1099 1189 1157 orto.
1211 1085 1287 1168 quod

265 1185 365 1248 etiam
391 1185 519 1250 teiiihue
537 1185 663 1250 idoneie
684 1185 718 1247 in
745 1187 904 1250 hodierno
924 1187 1008 1271 apud
1028 1189 1149 1250 accolas
1169 1190 1290 1250 nomine

267 1285 419 1368 Dogheli
430 1288 603 1352 remaniiiie
622 1288 661 1350 ad
675 1286 815 1350 Plinium
832 1301 921 1350 notar
937 1289 1135 1352 Hardainus.
1183 1290 1289 1351 Pharr-

267 1388 346 1452 chue
363 1409 390 1454 c.
407 1390 427 1452 1.
447 1391 493 1452 illi
509 1393 670 1473 antiquina
694 1409 815 1453 nornen
836 1391 949 1452 tribuit
964 1379 1130 1463 Σόλλαξ.
1154 1392 1236 1472 quod
1257 1390 1287 1448 iia

266 1487 481 1578 κατωφερῆς,
517 1511 667 1576 proquo
691 1492 871 1555 Eustathiue
893 1492 932 1554 ed
954 1491 1089 1571 Dionyi.
1108 1512 1135 1556 c.
1159 1493 1178 1557 1.
1204 1491 1287 1554 haber

265 1581 425 1668 Σύλλαξ.
476 1595 541 1658 Sed
560 1593 798 1678 properandum
815 1593 860 1657 est
877 1594 918 1655 ad
938 1593 1033 1677 ipiiue
1054 1591 1162 1657 fontes
1179 1606 1209 1657 et
1228 1611 1288 1655 aar·

264 1691 339 1756 ium
369 1696 598 1767 enarrandam.
632 1697 666 1756 in
696 1713 761 1777 qno
792 1695 925 1778 quidem
956 1691 1157 1779 potiffimum
1187 1695 1288 1758 docem

265 1793 373 1878 sequar
385 1799 547 1867 Plinium.
572 1797 628 1881 qui
648 1797 682 1869 6,
702 1811 760 1877 31.
777 1795 800 1861 i.
820 1812 877 1872 97.
898 1796 1020 1879 prolixe
1033 1798 1074 1860 de
1091 1798 1130 1860 iio
1147 1793 1287 1880 exposuit.

266 1895 384 1960 Oritur
416 1901 449 1961 in
475 1901 597 1980 regione
618 1901 781 1962 Armeniae
803 1899 934 1960 maioris
949 1889 1053 1990 fonte
1076 1889 1237 1992 conspicuo
1256 1899 1285 1958 in

263 1998 418 2081 pharitio:
458 2001 534 2064 ioco—
551 2021 661 2064 nornerr
679 1995 846 2090 Elegosine
866 1997 930 2092 ‘ste'
970 2002 1058 2082 qnod
1081 2013 1188 2064 tamen
1209 1999 1287 2060 varie

263 2100 401 2165 efferunt
417 2103 509 2174 libri,
544 2104 589 2164 uri
612 2103 646 2163 in
662 2102 774 2166 Solino
793 2121 859 2184 cap.
874 2111 936 2178 4ο.
953 2099 974 2164 i.
994 2116 1053 2181 37.
1081 2103 1138 2184 qui
1156 2101 1284 2162 Plinium

261 2201 427 2284 express'rt.
459 2204 548 2286 quod
567 2205 660 2266 docet
674 2201 802 2267 Salmas.
816 2223 848 2284 p.
864 2223 908 2265 m.
924 2213 1009 2282 437.
1063 2203 1107 2266 ht
1120 2205 1283 2284 discrepant

262 2303 303 2367 rie
324 2307 392 2370 eiua
407 2303 549 2369 fontibus
564 2319 733 2367 anctorum
749 2304 955 2367 narrationes.
994 2305 1045 2366 En
1060 2304 1218 2374 Armenia.
1238 2300 1282 2363 rei

259 2407 330 2473 eine
353 2407 517 2470 montibus
539 2407 635 2469 fluere
656 2406 785 2468 tradunt
808 2405 991 2489 Xenophon
1015 2405 1055 2469 de
1080 2406 1193 2489 exped.
1216 2400 1283 2484 Cyri

261 2519 297 2589 4,
319 2530 347 2581 ι,
368 2523 401 2589 3.
429 2504 536 2570 lustin.
551 2517 611 2586 42.
628 2521 709 2586 39.
738 2507 869 2571 Curtius
885 2519 916 2583 5,
937 2527 966 2578 ι.
988 2519 1043 2586 ¹3·
1069 2505 1285 2572 Eratosthenea

259 2612 343 2694 epod
365 2609 553 2671 Strabonem
571 2622 605 2670 9.
627 2625 659 2691 p.
675 2619 733 2686 55.
750 2607 771 2671 i.
788 2621 847 2686 80.
874 2609 1076 2672 Ptolemaeus
1091 2621 1125 2686 5,
1148 2622 1202 2687 ι3.
1221 2605 1283 2684 xHe·

259 2712 364 2774 rodae.
382 2723 414 2788 5,
431 2721 491 2786 52.
516 2707 652 2792 Procop.
670 2709 712 2771 de
726 2709 763 2773 B.
779 2707 862 2772 Peri.
882 2727 913 2780 ι,
938 2725 994 2785 17.
1023 2691 1187 2772 Nearchus
1198 2729 1227 2791 p.
1241 2725 1281 2768 m.

261 2825 319 2894 37.
337 2809 469 2896 (Harii.)
506 2811 628 2872 Eorum
647 2811 742 2892 aiiqui
758 2812 810 2874 vel
825 2811 960 2872 omnino
975 2831 1013 2873 ex
1027 2811 1188 2874 Armeniia
1200 2827 1281 2871 mon·

207 2964 211 2972 .
256 2915 346 2978 tibur
367 2911 461 2976 simul*
481 2911 645 2976 deriuount
664 2911 867 2994 Euphraten,
898 2913 947 2972 nri
971 2911 1208 2984 Eratosthenem
1235 2909 1282 2970 rel

257 3030 344 3079 certe
359 3034 461 3100 prope
475 3027 619 3077 remotos
634 3011 693 3074 elie
710 3015 873 3095 aeriaeque
889 3011 996 3076 fontes
1012 3031 1157 3086 narrant,
1188 3009 1281 3074 veluti

255 3118 456 3200 Xenophon,
487 3119 597 3199 quiet
625 3116 670 3176 ita
688 3113 719 3176 io
742 3113 872 3186 habere.
904 3133 978 3176 eum
1001 3128 1096 3177 antea
1116 3115 1155 3177 ab
1178 3111 1282 3176 accolis

255 3218 418 3289 didicisset,
445 3215 545 3286 addit.
574 3215 683 3277 iream
701 3215 866 3279 Larcherio
882 3234 944 3298 pro
958 3209 1041 3280 iarn
1059 3198 1102 3278 ori
1119 3211 1161 3280 ri
1180 3203 1280 3279 στενὸν

254 3321 357 3406 legar:
393 3314 479 3384 ἔστιν
505 3309 609 3389 οὕτως
629 3311 720 3401 ἔχον,
746 3319 799 3377 vel
826 3316 939 3379 ‹iiierte
960 3320 997 3377 in
1021 3335 1090 3380 uno
1111 3317 1282 3396 eodemque

188 3447 193 3456 ·
255 3434 368 3485 monte
384 3420 542 3498 araneae
561 3417 839 3500 aTheodofiopoii
851 3421 949 3500 (qnae
963 3419 995 3482 h.
1010 3431 1142 3500 putatur
1152 3416 1213 3481 effe
1224 3415 1279 3477 Er·

255 3545 357 3596 aaron,
374 3526 413 3585 ab
427 3511 648 3610 eiiiaHaffon·
658 3517 743 3584 raia..
767 3519 839 3582 vio.
848 3517 1046 3582 Tournefart
1060 3539 1187 3605 voyage
1196 3519 1234 3606 Τ.
1247 3527 1276 3595 3.

253 3626 338 3689 iettr.
360 3634 415 3700 ¹8·
440 3643 473 3705 p.
487 3641 533 3682 m.
557 3622 660 3697 125.)
682 3617 787 3682 fontea
812 3634 958 3702 ponunt.
983 3638 1122 3703 quorum
1143 3637 1222 3682 unua
1239 3615 1275 3678 ad

254 3728 398 3791 dextram
413 3723 598 3806 Euphraten
613 3719 733 3792 reddat,
759 3723 838 3782 alter
853 3723 990 3805 Tigrim.
1029 3723 1083 3784 Sia
1098 3719 1277 3800 Procopius,

252 3847 352 3912 quem
371 3813 434 3888 hoa'
451 3827 584 3887 nomine
604 3819 811 3906 reprehendit
825 3819 1024 3886 Tourneiorr
1046 3842 1170 3908 voyage
1189 3821 1228 3883 T.
1243 3830 1273 3894 3.

173 3985 179 4004 ,
251 3930 347 3993 lettre
369 3932 614 4011 18.pag.ralp.
639 3923 753 4008 (Lyoa
775 3921 905 4008 1727.)
955 3925 1076 3988 Contra
1097 3925 1183 3986 idern
1209 3936 1273 4006 pro·

251 4029 307 4093 hat
328 4027 536 4097 Strabonem,
561 4027 616 4108 qai
633 4025 690 4089 lib.
713 4027 768 4089 ra.
784 4045 856 4111 pag.
873 4036 954 4108 359.
971 4023 992 4088 f.
1010 4038 1094 4104 5⁹1.
1120 4025 1272 4102 utriusque

251 4131 345 4198 flavii
361 4127 467 4196 fonte·
490 4127 599 4193 distare
615 4127 694 4192 dicit
715 4138 812 4206 25⁰0
835 4125 949 4191 findi-ie.
998 4125 1066 4189 Etfi
1085 4126 1174 4191 enirn
1191 4135 1272 4188 antea
