2758 4902
306 442 347 506 6·
576 441 737 502 NOTAE
773 443 1077 506 EXEGETICAE
1187 489 1189 492 ,

306 615 458 705 peculiari
473 615 695 688 differtatione.
715 617 833 679 Martin
851 619 882 679 in
898 617 980 680 libro
997 619 1025 679 la
1039 618 1177 703 religion
1191 617 1248 681 dec
1262 617 1356 681 Gan·

223 717 228 727 ’
306 721 367 784 loir
390 721 432 782 T.
449 734 483 783 n.
510 719 567 782 lib.
585 729 619 800 4.
638 733 697 792 27.
732 721 892 782 d'Anvilie
914 741 947 802 p.
973 721 1052 797 156.
1070 718 1091 783 i.
1118 721 1166 781 hie
1186 719 1230 778 uir
1257 740 1356 804 argu·

307 823 441 886 mentio:
490 817 523 904 r)
551 821 669 882 Suadet
694 823 858 902 utriusque
885 820 1040 906 dignitas,
1071 835 1105 883 et
1129 821 1355 903 superioribus

308 923 489 986 auctoribus
512 925 666 983 accedunt
681 923 781 984 Tacit.
803 924 886 985 Ann.
906 938 938 999 3,
955 937 1015 1002 43.
1048 924 1102 1004 qui
1124 935 1223 999 caput
1241 925 1353 1002 gentis

308 1038 421 1096 vocat,
452 1038 486 1085 et
511 1021 555 1084 ihi
575 1019 790 1112 nobiiiffimum
814 1023 989 1085 Galliarum
1004 1017 1145 1115 subolem
1166 1021 1354 1086 liberalibus

301 1125 422 1222 studiis
442 1137 607 1204 operatam
631 1117 689 1213 effe
710 1126 817 1195 addit.
845 1126 929 1205 quod
948 1138 980 1187 et
996 1127 1199 1187 confirmetur
1215 1143 1257 1184 ex
1281 1125 1354 1186 Eu·

285 1255 289 1268 ·
308 1227 409 1292 monii
425 1241 503 1288 orat.
520 1245 578 1307 pro
591 1226 715 1289 restent.
733 1225 842 1287 scholis
859 1245 886 1287 c.
907 1237 962 1303 14.
980 1227 1023 1290 in.
1051 1227 1198 1308 quamvie
1218 1227 1267 1286 ibi
1287 1245 1354 1310 pro

308 1324 632 1421 Augrfiodunenfinm
660 1328 833 1388 Rhenanus
854 1342 887 1388 et
903 1327 1036 1410 Pighius
1054 1328 1232 1388 meluerunt
1254 1347 1353 1408 repo-

308 1451 385 1492 nere
408 1425 741 1520 Augustociivienfinm
769 1447 901 1510 eamque
923 1422 1050 1490 laud'em
1075 1430 1136 1490 alio
1165 1427 1352 1501 transferre.

307 1545 417 1593 contra
438 1550 516 1612 quoe
539 1542 644 1590 tamen
660 1529 783 1610 Lipsrue
804 1532 941 1613 graviter
962 1545 1080 1614 pugnat
1097 1533 1128 1590 in
1151 1529 1283 1591 excursu
1310 1531 1353 1591 ari

307 1633 408 1696 Tacit.
425 1651 451 1692 c.
470 1631 493 1692 l.
527 1629 740 1694 CiEunrenii
757 1631 822 1692 vita
837 1633 1162 1694 auctoreSchwarrzio
1174 1635 1206 1691 in
1224 1631 1353 1715 laegeri

307 1736 358 1797 ed.
374 1735 526 1816 Panegyr.
544 1745 623 1794 vett.
638 1733 678 1797 T.
700 1753 728 1794 r.
746 1753 816 1816 pag.
834 1747 917 1807 217.
967 1730 1001 1814 e)
1023 1735 1109 1794 Tum
1132 1734 1261 1802 Strabo.
1288 1733 1353 1813 qni

308 1837 419 1897 minue
435 1835 593 1917 oppidum
610 1832 719 1903 adfert.
744 1833 1046 1918 finugutiodunum
1063 1833 1222 1894 diversum
1238 1831 1354 1894 fuiffet

307 1937 503 2005 aBibracte,
529 1935 606 1994 iliud
626 1955 690 1996 non
713 1935 877 2008 omifiiiet5
910 1934 962 1996 etsr
987 1937 1021 1995 in
1043 1935 1106 1997 hoc
1128 1935 1281 2002 nomine.
1311 1947 1354 1995 ut

306 2039 340 2099 in
356 2037 434 2108 aliie,
462 2035 603 2116 [equitur
619 2036 679 2097 Iul.
696 2035 870 2099 Caesarem.
931 2033 968 2119 5)
992 2036 1213 2120 Augustuduni
1234 2055 1353 2097 recen·

307 2139 382 2200 tiori
402 2151 503 2198 aetate
526 2149 667 2217 repertae
690 2136 762 2197 iunt
781 2137 999 2219 inscriptiones
1023 2140 1101 2199 duae
1123 2139 1157 2197 in
1184 2139 1352 2198 honorem

306 2240 395 2300 Deae
412 2235 578 2308 Bibracte.
605 2257 678 2296 curn
695 2239 775 2298 Galli
797 2240 889 2300 urhea
906 2240 983 2300 olim
1000 2241 1138 2299 Deorum
1153 2238 1352 2300 nominibus

306 2340 456 2424 iniignire
471 2349 505 2399 et
519 2357 630 2399 ornare
645 2337 859 2410 consuessent,
884 2356 921 2401 ut
936 2341 1045 2401 multia
1061 2341 1213 2421 exemplis
1229 2340 1351 2400 riocuit

306 2440 426 2503 Martin
444 2461 470 2502 c.
486 2439 506 2501 1.
531 2452 563 2501 et
579 2439 664 2501 alibi.
704 2438 755 2502 cf.
785 2439 995 2502 Montfaucon
1021 2438 1143 2523 antiqu.
1175 2435 1350 2522 expliqueo

306 2545 347 2604 T.
368 2558 401 2606 α.
416 2563 448 2624 p.
466 2539 550 2617 236.
603 2537 642 2622 4)
663 2543 697 2604 si
713 2542 856 2603 Bibracte
871 2542 909 2602 ab
926 2541 1152 2626 Augustoduno
1168 2541 1287 2611 differt,
1312 2555 1350 2600 et

305 2643 420 2714 hodie,
446 2644 534 2725 qnod
549 2643 700 2713 credunt,
724 2642 766 2704 est
780 2644 966 2724 Beounroy‚
994 2645 1129 2704 minime
1141 2644 1215 2704 irtus
1235 2656 1348 2705 tantae

309 2745 381 2806 urbi
402 2745 568 2806 convenit.
619 2745 723 2804 Locus
745 2759 850 2805 autern
882 2743 1103 2808 controverina
1131 2745 1170 2804 de
1192 2744 1347 2806 Bibracte

305 2847 422 2931 legitur
448 2845 529 2926 apud
559 2845 758 2922 Eurnenium
780 2848 812 2905 in
840 2849 960 2930 gratier.
993 2859 1052 2908 act.
1075 2847 1113 2907 ad
1138 2845 1345 2908 Constantio.

306 2949 390 3031 Aug.
413 2960 491 3008 extr.
521 2943 672 3006 Bibracte
704 2946 829 3028 quidem
857 2949 917 3008 hnc
943 2968 1039 3028 nsque
1063 2947 1152 3008 dicto
1178 2945 1221 3038 est
1249 2947 1347 3006 Iutta

305 3049 397 3119 Pola.
424 3048 595 3116 Florentia.
623 3038 683 3137 sed
699 3047 812 3107 Flavia
834 3045 878 3140 fi
900 3050 1015 3109 civitas
1032 3047 1217 3116 Aeduorum.
1240 3066 1346 3128 quem

306 3151 431 3230 utrique
447 3162 582 3227 utroque
598 3147 696 3208 modo
716 3148 753 3207 ad
775 3147 839 3209 inas
856 3151 1025 3230 opiniones
1042 3149 1241 3228 detorquent.
1285 3145 1344 3211 Gi.

305 3253 401 3314 etiarn
424 3249 469 3310 ibi
486 3251 594 3331 laeger
608 3249 648 3311 Τ.
669 3266 697 3311 t.
715 3269 746 3329 p.
761 3259 848 3328 474.
898 3251 1067 3331 Equidem,
1096 3249 1114 3308 sr
1137 3249 1347 3332 Augustodu-

305 3373 386 3414 num
400 3353 520 3412 dictum
536 3347 607 3418 fuit.
629 3351 739 3419 miror,
763 3352 847 3432 quod
866 3351 974 3422 Iuliae,
999 3371 1068 3412 non
1081 3350 1233 3434 Augustae
1247 3371 1346 3412 men-

305 3455 428 3516 tionem
445 3451 528 3520 iacit.
555 3451 640 3532 quod
657 3450 719 3512 huc
737 3456 884 3531 pertinet,
910 3472 983 3513 cum
1004 3454 1038 3512 in
1057 3453 1169 3535 primic
1184 3451 1345 3535 Augusto·

305 3557 428 3616 dunum
460 3552 535 3613 alibi
568 3568 816 3623 commemoret.
849 3565 889 3620 ,ut
915 3555 967 3614 alii
993 3552 1154 3635 posteriori
1181 3567 1342 3633 tempore.

304 3677 336 3719 v.
354 3675 382 3718 c.
399 3655 550 3717 Antonin.
570 3654 603 3712 in
619 3652 723 3716 itiner.
740 3675 772 3735 p.
789 3665 875 3732 453.
892 3655 976 3732 460.
1005 3647 1065 3715 tab.
1081 3655 1228 3736 Peuting.
1245 3669 1278 3715 α.
1297 3653 1341 3718 Δ.

305 3757 422 3820 Dirimi
445 3767 529 3818 certe
554 3755 592 3815 lie
617 3754 668 3814 iile
694 3754 808 3835 poliet.
841 3755 1016 3837 fintraque
1036 3756 1111 3816 urbe
1133 3755 1225 3815 limul
1247 3757 1341 3817 iuxta

303 3859 400 3942 polita
421 3857 634 3922 inveniretur.
668 3857 847 3918 cuiueruocii
871 3855 976 3917 locum
999 3858 1148 3936 equidem
1171 3875 1237 3916 non
1253 3855 1339 3919 vidi.

304 3959 471 4040 Superiora
490 3971 596 4018 tamen
617 3955 760 4028 suadent.
790 3960 922 4020 eandem
939 3956 1051 4019 nrberu
1069 3955 1173 4027 fuiffe.
1199 3977 1280 4037 quae
1295 3957 1338 4017 ab

302 4058 440 4146 Augusto
459 4077 583 4119 novum
599 4077 720 4120 nomen
744 4057 849 4120 sortita
865 4061 1026 4128 videatur.
1054 4079 1147 4140 quare
1166 4072 1199 4120 et
1216 4057 1338 4139 postea.

303 4175 437 4245 excepto
470 4159 636 4232 Strabone,
670 4162 754 4243 apud
779 4162 944 4223 neminem
970 4161 1114 4222 Bibracte
1138 4161 1173 4220 in
1200 4159 1339 4247 urbium
