2696 4896
276 363 336 434 tat
541 353 701 414 nor-aa
741 343 1043 419 dxuourrcau

274 531 376 601 tidoa,
403 527 621 592 adorientem
647 529 802 600 Albanae,
834 529 935 592 veluti
960 527 1099 598 Pliniuc,
1125 522 1340 606 Dionyiim,

274 630 427 714 losephua
453 663 502 678 -
553 631 595 694 At
621 632 840 701 Ptolemaeua.
875 632 929 713 qui
953 643 1125 712 utrumque
1148 628 1340 712 populum

273 731 430 820 agnoscit.
463 719 494 802 6,
525 741 581 810 14.
609 733 724 794 Alanos
748 733 879 812 Scythae
908 735 989 794 intra
1013 745 1156 794 montom
1179 733 1339 791 lmaum

265 835 377 917 ponit.
436 833 547 913 Neque
578 847 683 896 tamen
717 834 900 906 abnuerim,
933 834 1050 896 Alanos
1076 853 1149 894 cum
1181 829 1338 892 albania

274 934 385 998 lentim
402 935 564 1005 coaluille,
598 937 728 998 cunrad
750 937 878 996 illorum
898 949 992 998 terrac
1011 934 1114 1017 pollea
1135 929 1336 1016 progreffoa

274 1035 334 1100 elle
354 1055 392 1098 ott
417 1037 475 1098 litu
497 1055 606 1097 eorum
630 1038 663 1096 in
688 1037 869 1098 auctoribus
894 1039 1049 1118 adpareat.
1093 1033 1144 1098 cf.
1165 1053 1254 1114 quae
1284 1031 1334 1094 do

273 1139 332 1200 litu
355 1139 478 1202 alaniae
508 1138 623 1199 veteris
649 1152 681 1199 et
710 1159 813 1200 novae
841 1140 979 1222 conlegit
1002 1135 1165 1202 Stritterua
1187 1137 1221 1194 in
1252 1151 1333 1194 me-

274 1239 386 1300 moriis
415 1239 608 1319 populorum
635 1273 679 1287 -
709 1241 804 1302 Tom.
828 1255 862 1320 4.
887 1261 918 1322 p.
943 1253 1027 1317 232.
1050 1252 1081 1300 et
1105 1259 1135 1320 p.
1156 1248 1228 1317 395
1253 1232 1330 1314 sqq.

273 1341 325 1404 De
349 1338 519 1421 Vespasiani
545 1353 688 1422 tempore
720 1340 817 1402 habes
846 1341 1061 1403 testimonium
1093 1336 1217 1419 losephi
1240 1355 1277 1396 c.
1302 1335 1328 1398 l.

275 1441 417 1525 Quidam
441 1438 560 1504 faciunt
582 1441 782 1526 Mallagetaa,
810 1443 910 1504 veluti
927 1443 988 1503 Dio
1008 1442 1065 1520 69.
1089 1454 1142 1516 15.
1165 1452 1260 1499 etex
1279 1453 1328 1498 eo

274 1544 409 1606 Zonaras
431 1563 484 1614 ιι,
503 1553 561 1622 24.
578 1547 623 1606 in.
650 1544 809 1604 Ammian.
834 1543 1007 1605 Marcellin.
1029 1555 1084 1618 23.
1104 1554 1136 1618 5.
1162 1539 1220 1600 ubi
1244 1536 1327 1601 vid.

274 1642 533 1726 Liudenbrogiua
560 1659 592 1706 ot
615 1644 770 1716 Valesius,
807 1647 888 1726 apud
910 1665 1006 1726 quem
1032 1659 1137 1704 tamen
1160 1644 1252 1702 tocua
1279 1655 1325 1698 ex

257 1745 393 1812 ¹Taetze
409 1747 441 1805 in
459 1746 705 1828 Lycopltroncm
726 1750 779 1824 (v.
794 1750 894 1824 174.)
919 1747 959 1807 de
977 1743 1105 1828 Abasgia
1123 1741 1324 1819 (finitimis)

274 1845 452 1930 lllallagetia
474 1845 591 1908 dubius
610 1845 662 1908 est.
716 1849 754 1910 At
770 1847 953 1930 lllallagetae
970 1846 1007 1908 ad
1029 1847 1184 1906 orientem
1204 1839 1324 1920 Calpii

273 1948 386 2017 marie,
425 1947 538 2008 Albani
563 1949 600 2008 ad
634 1948 832 2009 occidentem
859 1949 1058 2016 habitarunt,
1094 1947 1140 2006 uti
1167 1943 1323 2025 pluribus

275 2062 444 2109 auctorum
461 2049 537 2110 lucia
555 2047 663 2110 docuit
674 2049 824 2110 Cellariue
841 2051 874 2110 itr
890 2049 1006 2134 Geogr.
1018 2060 1081 2108 ant.
1095 2062 1126 2123 3.
1138 2062 1156 2108 a
1169 2069 1193 2108 ι.
1208 2060 1255 2120 29
1271 2041 1318 2121 lq·

274 2149 459 2232 Iunguntur
473 2162 555 2209 recte
570 2161 602 2210 et
619 2149 726 2210 ulitatc
741 2170 812 2210 curu
831 2149 929 2212 Iberia
944 2165 975 2212 et
991 2148 1129 2232 Caspiis.
1159 2147 1208 2206 uti
1225 2141 1321 2226 apud

274 2249 422 2332 strabon.
443 2268 497 2313 ιι.
517 2257 550 2333 p'.
565 2260 648 2329 545.
666 2248 686 2314 l.
703 2265 787 2328 5⁰¹·
816 2251 897 2314 Flor.
916 2266 947 2331 5,
966 2263 998 2328 5.
1016 2267 1074 2314 ar.
1104 2249 1259 2330 Spartian.
1280 2245 1319 2304 in

275 2350 436 2414 Hadriano
457 2369 522 2432 cap.
542 2365 597 2414 αι.
614 2349 637 2412 f.
665 2350 789 2434 loseph.
806 2353 926 2433 antiqu.
944 2353 1013 2416 lud.
1035 2362 1088 2428 ¹8·
1104 2361 1138 2429 4,
1155 2361 1188 2428 4.
1208 2349 1319 2408 Dion.

276 2453 367 2514 cuiua
386 2451 451 2512 loca
472 2454 596 2514 notavit
612 2453 776 2515 Reimarus
797 2455 834 2516 ad
851 2456 992 2516 Dionem
1009 2455 1066 2532 69,
1089 2462 1142 2528 ¹5·
1166 2463 1198 2512 et
1218 2449 1316 2510 aliua.

274 2552 323 2616 Ad
339 2571 423 2614 utare
431 2551 577 2634 Caspium
593 2555 682 2635 pouit
696 2556 831 2618 Zonaras
845 2576 897 2626 ro,
914 2569 947 2634 4.
967 2575 1005 2616 ex
1020 2551 1201 2621 Plutarcho,
1219 2548 1317 2632 quod

275 2654 419 2734 adparat,
450 2655 483 2714 in
502 2652 659 2736 Pompeio
677 2675 743 2738 cap.
755 2666 817 2738 54.
852 2657 1053 2740 Agathemer.
1074 2670 1104 2724 a,
1124 2655 1157 2716 6.
1178 2681 1226 2693 -
1251 2667 1316 2730 pro

275 2773 340 2835 quo
355 2773 441 2815 mare
455 2755 638 2834 Scythicum
656 2757 733 2818 dicit
751 2738 839 2820 hrot.
864 2776 892 2826 ι,
910 2772 942 2818 2.
959 2777 1030 2840 pag.
1053 2773 1107 2834 ¹9·
1131 2753 1317 2831 (Havete.)

276 2855 356 2917 ludo
374 2871 449 2916 vero
458 2853 616 2916 Albanum
634 2877 716 2918 artare
727 2856 829 2940 Caspii
844 2877 912 2940 para
928 2855 984 2920 lec.
1001 2857 1085 2918 Plin.
1104 2850 1236 2930 6‚15.l.
1254 2864 1317 2930 15.

276 2957 460 3019 hccuratiua
486 2959 563 3018 hoca
596 2955 777 3020 describunt
809 2959 921 3022 Strabo
943 2979 969 3020 c.
992 2959 1013 3021 l.
1041 2972 1076 3017 et
1107 2957 1318 3019 Ptolemaeus

277 3069 310 3136 5,
336 3072 390 3118 ra.
429 3059 532 3142 Reges
554 3058 631 3119 olim
657 3057 727 3122 luoe
750 3059 907 3130 habaida,
934 3057 1061 3120 discitur
1077 3078 1116 3120 ex
1132 3053 1318 3116 Ptolemaei

275 3159 478 3240 expeditione
499 3159 583 3242 apud
606 3159 765 3224 Plutarch.
789 3163 822 3222 in
847 3163 912 3222 uita
934 3179 1000 3243 cap.
1018 3171 1076 3240 54.
1111 3157 1258 3239 Appiano
1275 3155 1317 3216 in

278 3260 456 3320 Mithrltlat.
478 3279 503 3320 c.
525 3274 604 3336 ¹03.
633 3262 797 3341 Spartiano
813 3263 846 3322 iu
863 3262 1026 3323 Hadriano
1041 3281 1067 3324 c.
1087 3275 1144 3324 at.
1156 3255 1179 3320 l.
1212 3255 1314 3317 Floro

279 3374 313 3436 5,
335 3373 366 3436 5,
387 3371 441 3437 28.
468 3374 501 3421 et
523 3361 686 3442 inprimis
709 3363 862 3425 Strabone
877 3384 902 3425 c.
920 3364 940 3424 l.
963 3365 1018 3444 qui
1035 3363 1139 3430 etlam,
1167 3358 1246 3418 dum
1265 3357 1316 3418 ibi

277 3462 443 3524 Albaniam
469 3475 501 3521 et
523 3463 639 3522 incolae
662 3461 824 3533 describit,
856 3484 911 3526 eoa
938 3465 1102 3548 indigenae
1123 3460 1183 3524 elle
1204 3456 1313 3528 refert,

279 3563 398 3624 alendis
419 3562 587 3642 pecoribpa
609 3563 752 3635 deditos,
785 3577 817 3624 cr
837 3583 951 3648 vagos,
975 3578 1007 3626 et
1030 3557 1163 3652 μετρίως
1180 3555 1314 3646 collepr-

278 3657 373 3737 noha,
400 3663 450 3724 led
472 3659 723 3753 μαχιμωτέρους
741 3662 806 3730 τῶν
823 3661 936 3752 ἑτέρων
959 3667 1176 3745 (vicinorum,
1205 3659 1312 3722 Ibero·

278 3785 353 3826 rum
374 3763 468 3824 habet
488 3765 622 3827 Zonaras
645 3786 698 3835 ιο,
716 3769 771 3844 4.)
793 3767 951 3829 Plutarch.
966 3786 993 3828 c.
1011 3766 1032 3827 l.
1069 3762 1120 3828 Cf.
1135 3765 1173 3825 ad
1193 3761 1310 3823 Pacatii

277 3885 428 3949 panegyr.
446 3885 474 3926 c.
487 3881 545 3938 aa,
566 3880 596 3947 3.
632 3863 773 3952 'Apaiooc
787 3882 880 3929 vocat
893 3864 1024 3946 Dionys.
1037 3887 1069 3930 v.
1081 3879 1163 3944 731.
1181 3854 1310 3950 feroces
1341 3913 1344 3916 .

278 3968 396 4030 Avieu.
415 3985 445 4026 v.
462 3965 546 4043 906.
592 3971 708 4032 Terrae
729 3971 843 4032 miram
863 3969 1040 4030 bonitatem
1063 3979 1095 4028 et
1114 3963 1307 4026 fertilitatem

279 4068 418 4131 maxime
437 4066 544 4132 laudat
564 4071 675 4136 Strabo
693 4091 720 4136 o.
734 4073 757 4137 l.
782 4083 815 4136 et
838 4090 877 4134 etr
898 4091 937 4136 oo
955 4067 1095 4131 Eullath.
1113 4066 1151 4128 ad
1175 4059 1310 4144 Dionys.
