2650 4896
115 407 453 471 monenti.
493 407 603 466 nm
645 406 752 470 nvn
793 406 923 480 eo7.
971 423 1034 490 213

91 579 247 666 ignari)
295 581 398 646 Sosin.
412 599 439 645 o.
462 582 485 642 l.
510 581 682 644 insntmnne
706 579 751 676 est
772 583 835 646 ritu
858 583 1031 648 incolarum

30 674 121 778 aspero
135 715 180 733 -
195 674 260 772 fas
281 703 322 744 aa
342 673 440 772 nefas
461 681 567 744 eodem
587 681 656 745 loco
677 683 808 746 ducant.
868 685 1030 750 Britannia

29 787 157 849 seeriorea
170 783 227 847 esse
241 780 338 846 refert
356 784 468 848 Strabo
483 794 518 863 4.
539 805 572 867 p.
588 799 667 864 139.
687 784 707 848 s.
729 803 810 849 eor.
829 799 862 850 et
883 789 1030 852 carnibna

27 887 159 955 tumente.
174 901 404 968 parentumque
418 901 620 948 mortuorum
635 887 820 970 corporibus
835 887 918 950 vesci
932 891 1030 962 addit,

26 988 106 1072 pesam
118 989 211 1050 etiem
227 989 440 1051 concumbere
457 1003 491 1051 et
509 1006 583 1050 cum
603 988 853 1074 consanguineia.

162 1191 191 1268 §.
219 1205 253 1266 7.
307 1188 549 1272 Oreades)
597 1191 649 1254 Sic
665 1204 698 1253 et
714 1191 770 1255 Gr.
791 1185 954 1278 Ὀρκᾰδες.
990 1195 1028 1257 In

26 1308 111 1352 etrum
131 1288 351 1353 constituendo
374 1311 510 1354 numero
533 1292 710 1374 discrepant
730 1305 864 1357 veteres.
915 1293 1029 1358 Noster

26 1390 99 1451 habet
114 1403 167 1470 30.
188 1393 223 1453 in
244 1411 312 1475 quo
333 1390 489 1455 consentit
507 1393 647 1455 Ptolem.
667 1409 699 1464 a.
717 1407 749 1472 3.
773 1385 867 1482 (rt-epi
883 1390 1028 1482 τριάκον·

28 1513 58 1552 re
76 1486 126 1554 aia
148 1487 317 1580 ἆριθμόν.)
350 1493 473 1556 Pliniue
489 1506 524 1572 4,
544 1507 601 1573 30.
626 1493 648 1554 s.
670 1496 723 1558 16.
749 1495 831 1557 Sunt
850 1509 956 1558 nutem
977 1510 1025 1576 4ο

27 1589 151 1663 Orcades.
176 1593 310 1656 modieis
322 1586 450 1687 interse
463 1594 615 1658 discretae
622 1586 754 1686 spatiis.
777 1617 874 1678 quem
891 1596 1028 1680 sequitur

28 1689 173 1756 Mntianue
186 1695 264 1777 cap.
282 1697 317 1760 6.
336 1717 370 1778 p.
387 1710 470 1776 215.
498 1698 670 1759 lomanriee
684 1698 723 1758 de
738 1698 805 1760 reb.
821 1699 895 1760 Get.
911 1718 977 1781 cap.
995 1720 1027 1764 ι.

27 1791 176 1877 Geograph.
187 1797 313 1859 Raven.
323 1809 357 1874 5.
369 1811 427 1878 32.
442 1811 613 1860 numerant
628 1807 685 1880 34.
703 1800 767 1868 vei,
790 1811 826 1858 ut
841 1799 913 1859 libri
931 1803 1027 1862 etiam

28 1893 134 1965 volunt.
160 1911 225 1976 33,
249 1901 284 1960 in
305 1917 371 1980 qno
385 1899 548 1982 poterion
569 1917 705 1961 numero
725 1897 882 1962 consentit
898 1899 1027 1963 Orosiue

31 2013 51 2062 ¹2
66 2009 93 2057 2·
110 2015 140 2077 p.
155 2012 212 2072 27.
231 1999 413 2084 (Havero.)
435 2002 491 2082 qni
510 1999 629 2062 scribit:
665 1999 805 2063 Orcades
824 2017 870 2065 tto
888 1993 1029 2092 desertae

23 2083 95 2183 sint,
122 2113 160 2174 ²3
185 2099 351 2174 enitemur,-
381 2116 475 2183 atque
492 2102 578 2162 huno
592 2105 737 2184 proxime
756 2105 794 2162 ad
816 2123 929 2164 verum
944 2123 1029 2166 acce·

27 2195 80 2257 dere
103 2203 284 2278 pronuntiat
308 2201 485 2266 cambden.
508 2205 541 2263 in
563 2203 728 2264 Britannia
750 2224 781 2284 p.
800 2217 857 2280 25.
881 2204 1028 2280 (Amsses.

32 2297 131 2374 1646.)
163 2302 210 2362 Ex
234 2303 348 2367 Orosro
369 2305 454 2365 idern
474 2305 589 2386 repetit
609 2305 795 2367 Vincentius
813 2305 973 2368 Bellonae.
992 2309 1027 2368 in

26 2391 83 2458 titt.
98 2405 203 2463 mnndi
224 2404 297 2468 Vol.
319 2425 348 2467 ι.
364 2405 417 2468 lib.
435 2406 468 2468 6.
483 2425 551 2488 cap.
572 2422 627 2484 19.
642 2425 675 2487 p.
692 2417 774 2484 ὅθι.
811 2411 852 2467 At
867 2406 963 2468 nimie
979 2425 1028 2468 ea·

26 2515 79 2557 mm
93 2521 260 2566 nnmerum
277 2520 372 2589 anget
394 2505 501 2568 isidor.
518 2505 606 2590 Orig.
630 2514 682 2583 ¹4·
702 2507 735 2568 6.
761 2505 823 2568 sine
838 2507 938 2568 dnbio
960 2525 1027 2568 cor·

26 2611 129 2678 ruptum
151 2603 255 2666 statuit
269 2611 356 2668 enim
375 2617 433 2682 33.
456 2627 587 2688 quarum
607 2622 648 2668 to
664 2605 800 2669 desertae
813 2609 889 2678 sint.
917 2621 960 2688 13
977 2617 1028 2670 oo-

27 2695 114 2762 lantnr.
150 2705 270 2768 Contra
287 2709 381 2769 nimio
395 2727 469 2768 eum
489 2708 685 2768 imminuunt
701 2710 802 2772 Sosin.
818 2729 844 2770 c.
861 2721 917 2785 25.
933 2707 953 2771 s.
969 2724 1026 2774 on.

27 2801 198 2874 nonturno.
211 2811 248 2870 in
269 2809 340 2872 itin.
361 2829 431 2895 pag.
447 2821 531 2886 508.
559 2810 592 2870 in
613 2809 728 2890 quibno
743 2809 887 2872 excidisse
903 2809 1029 2873 videtne

28 2917 149 2970 numeror
179 2909 284 2979 XXX.
325 2928 389 2990 quo
422 2911 531 2972 addito
561 2930 636 2972 cum
670 2910 781 2996 Qrosro
816 2913 1028 2974 conveniunt.
1136 2957 1137 2962 η

28 2999 181 3094 Schoening
195 3024 302 3072 temen
318 3030 384 3073 von
401 3011 462 3071 den
477 3011 639 3095 Begriffen
655 3012 719 3072 und
738 3009 950 3074 Naohrichten
970 3011 1027 3073 der

28 3100 90 3164 alten
110 3107 264 3174 Griechen
286 3111 352 3172 und
367 3111 486 3174 ii'omer
501 3129 567 3173 von
586 3113 647 3174 tien
666 3111 861 3174 Nordlichen
877 3111 1027 3175 tandem

28 3203 150 3288 (sllgem.
168 3212 274 3276 Welt·
285 3212 394 3274 Gesoh.
411 3213 466 3274 der
479 3230 598 3275 neuern
615 3213 725 3275 Zeiten
740 3213 781 3276 T.
803 3215 880 3289 13.)
898 3231 930 3295 p.
946 3231 1027 3277 roo.

28 3317 111 3381 putat.
138 3314 188 3374 res
207 3315 286 3377 alioe
304 3327 447 3376 auctore·
467 3311 588 3376 secutoe
604 3313 682 3384 etse,
708 3315 759 3375 vel
780 3314 887 3395 potine
904 3313 1028 3376 itinera·

29 3403 123 3471 riorum
143 3415 299 3478 rationem
319 3413 472 3497 probasse,
498 3433 578 3496 qnae
592 3415 660 3476 loca
675 3435 713 3477 ex
730 3415 791 3476 viie
808 3427 840 3475 et
861 3411 1030 3476 mansioni·

29 3499 72 3568 bnt
83 3517 343 3600 peregrinantium
361 3515 538 3587 retulerint.
563 3517 659 3596 inque
675 3517 713 3578 iit
730 3513 812 3577 sorte
827 3511 925 3586 fuisse.
948 3533 1028 3596 qnne

30 3605 56 3663 td
69 3627 151 3676 unam
170 3615 357 3687 insularum.
389 3637 469 3698 quae
484 3615 650 3679 Hetsrsnnd
665 3631 818 3678 vocantur
839 3621 975 3678 nurnero
993 3629 1026 3692 3.

29 3705 167 3794 adscriptae
184 3731 288 3780 tamen
299 3717 473 3780 Oreadibne
484 3720 642 3787 videntur.
659 3718 879 3798 pertinuerint.
903 3715 1031 3796 Nempe

32 3804 157 3877 differunt
177 3821 273 3881 etiam
296 3831 419 3881 veteres
438 3820 471 3880 in
491 3837 601 3880 earum
624 3818 680 3878 situ
703 3823 856 3880 notando.
909 3815 1030 3886 Noster,

31 3911 71 3985 qui
84 3915 117 3974 ab
136 3918 240 3981 occasu
257 3920 294 3980 ad
313 3934 418 3982 ortum
436 3920 511 3982 inde
523 3917 561 3980 ab
580 3921 692 3980 iverna
707 3917 923 4001 progreditur,
948 3919 1032 3980 inter

33 4004 95 4074 iane
112 4033 142 4078 et
157 4017 358 4084 Germaniam
375 4023 484 4104 ponit,
514 4038 573 4082 neo
594 4019 731 4082 abnuere
753 4019 874 4080 Plinioe
894 4019 1032 4088 ridetur.

32 4109 73 4170 etfi
87 4115 188 4186 diserte
209 4141 277 4186 non
301 4121 423 4188 definit.
467 4121 622 4194 totone.
649 4121 707 4204 qui
721 4139 739 4182 a
755 4120 861 4185 Thule
879 4121 1035 4204 procedit.
