2746 4894
149 449 201 507 nr
228 447 364 507 rorrr.
394 445 503 504 Mor.
544 441 655 502 Lm.
697 443 804 502 ουκ.
847 442 977 518 eor.
1037 457 1102 525 395

46 643 134 708 pag.
153 637 186 685 υ.
207 623 273 699 (ed.
288 619 395 697 lebb.)
416 615 512 682 λίθου
531 613 703 682 καταπιεῖν
723 605 797 680 dor-l
817 611 903 694 Διός.
934 620 987 683 Sic
1004 620 1104 704 κῆτος

48 717 325 810 καταπιούμευον
347 745 378 784 r.
402 716 612 808 ’Δυὸρομὲδαυ
636 721 766 780 Lucian.
791 721 824 780 in
846 720 963 806 dialog.
988 727 1102 788 marin.

55 837 120 905 14.
141 840 173 906 3.
215 823 266 887 Cf.
288 823 459 907 Alciphron
479 835 511 904 5,
532 835 590 904 33.
622 821 679 883 ubi
701 821 842 908 Bergler.
872 821 973 887 fimile
997 845 1103 890 exem·

49 929 150 1015 plum
177 928 302 990 adiecit.

135 1129 336 1208 amplecti
360 1118 595 1218 flammas)
643 1125 777 1190 l'lln.c.
801 1126 822 1188 l.
847 1140 991 1190 tanturnr
1027 1127 1106 1226 Qui·

52 1229 198 1293 busdam
221 1243 297 1290 aitte
317 1231 529 1291 Ptolemaeum
546 1227 725 1288 lothumm
743 1248 842 1308 regem
859 1233 995 1312 Aegypti
1015 1233 1106 1314 igno.

54 1347 111 1396 tus
127 1323 207 1423 fult
223 1321 298 1422 rrsrrs
319 1332 456 1412 ignium.
480 1343 511 1391 et
533 1331 647 1390 iisdem
672 1325 738 1389 lere
760 1330 866 1392 verbis
890 1332 1020 1396 Solinue
1036 1353 1064 1397 c.
1080 1335 1104 1399 l.

53 1436 174 1498 Simile
197 1433 315 1514 aliquid
341 1445 446 1494 narrat
470 1430 659 1492 Plutarchus
680 1427 893 1515 decipienda¹
909 1453 946 1494 ex
964 1434 1106 1499 hollibue

56 1539 202 1598 utilitate
219 1535 303 1617 Opp.
323 1535 393 1596 vot.
410 1532 442 1598 6.
460 1553 532 1617 pag.
551 1547 636 1611 522.
654 1530 778 1615 (Lipl.)
799 1531 861 1597 roll
882 1526 1042 1623 Σατύρου
1064 1531 1106 1602 rd

57 1637 148 1724 πῦρ,
178 1627 220 1713 ὡς
242 1635 371 1725 πρῶτον
395 1627 519 1725 ὤφθη.
550 1629 757 1726 βουλομένου
780 1631 920 1724 φιλῆσαι
943 1627 997 1700 καὶ
1023 1660 1108 1728 περι·

56 1737 194 1819 βαλεῖν.

230 1941 261 2022 §.
289 1950 322 2019 5.
377 1939 503 2020 Super
538 1938 631 2021 eos)
689 1937 818 2022 Nempe
848 1939 887 2002 ab
919 1940 1109 2005 occidentali

58 2058 153 2128 parte
170 2041 309 2116 Africae,
335 2043 427 2103 cuiue
442 2043 590 2104 ultimam
613 2041 822 2103 eminentiam
843 2043 877 2103 irr
900 2061 985 2104 mere
1001 2042 1109 2108 verine

61 2147 235 2208 meridiem
262 2165 335 2206 cum
355 2159 464 2204 auctor
485 2165 550 2206 non
571 2142 689 2214 noller.
722 2157 847 2205 coactus
870 2143 912 2205 eil
932 2164 1002 2205 eom
1022 2165 1109 2228 prae·

62 2251 182 2318 terire,
212 2261 262 2316 et.
298 2245 384 2327 quod
410 2243 560 2306 ultimum
583 2247 615 2305 in
632 2245 802 2307 Hannonis
823 2246 948 2328 periplo
971 2247 1109 2322 invenit,

62 2353 209 2432 primum
227 2350 338 2430 pouit.
363 2361 475 2428 utpote
491 2348 685 2408 contrarium
702 2349 761 2406 iter
779 2347 956 2410 inllituene.
983 2367 1007 2411 r.
1027 2367 1110 2412 ono·

64 2470 195 2514 uovrvc
211 2449 289 2512 MS.
342 2449 426 2510 Hinc
440 2461 546 2511 eutem
569 2449 686 2511 lterum
703 2468 776 2509 vera
793 2449 966 2531 incipiunt,
994 2463 1026 2513 et
1046 2449 1111 2533 ipio

64 2567 176 2614 tamen
202 2549 282 2614 tator
308 2549 498 2620 deformata,
533 2550 670 2612 irrerue
696 2549 739 2611 ell
766 2551 935 2612 Hannonie
958 2553 1111 2634 periplue.

65 2673 131 2736 quo
152 2653 251 2714 hodie
271 2657 411 2722 utimur.
443 2671 502 2713 nec
524 2652 602 2713 elios
624 2651 712 2712 fimtss
732 2653 771 2714 de
793 2652 962 2716 Hannonie
983 2655 1112 2740 naviges

66 2761 159 2820 tione
174 2752 298 2818 secutur
312 2754 372 2825 est,
398 2753 484 2835 quod
501 2766 609 2816 tamen
623 2753 708 2815 Mela
723 2750 789 2838 ipse
804 2767 945 2820 emovet.

144 2955 318 3040 grandis
350 2945 487 3048 insule
497 2953 516 3036 )
565 2954 658 3038 Quae
682 2951 744 3015 tutt
762 2955 919 3018 terminne
936 2958 1114 3042 navigatio·

68 3081 153 3122 num
171 3060 351 3122 Hannonis.
395 3059 486 3140 Quae
501 3058 546 3126 sit,
569 3057 772 3136 disceptatur.
808 3051 1112 3122 Vollruemenilelle

69 3165 219 3245 adparere
234 3179 272 3222 ex
283 3161 449 3222 Hannonis
466 3158 676 3240 descriptione
692 3157 780 3227 dicit,
795 3155 856 3219 elle
870 3157 1015 3230 eandem,
1031 3179 1112 3242 quoe

69 3263 103 3330 h.
123 3254 314 3352 Polmr'fero
332 3259 372 3324 eb
387 3261 455 3322 aliie
472 3261 520 3324 St.
534 3263 647 3322 Annae
662 3257 760 3321 inlula
777 3272 920 3322 vocetur.
972 3262 1051 3324 otiis
1070 3261 1114 3324 ett

71 3355 314 3454 Modogascor,
341 3365 419 3424 olim
443 3361 631 3423 Menoetius
653 3361 738 3443 apud
761 3361 898 3440 Ptolem.
915 3369 951 3439 4.
969 3379 1003 3442 9.
1040 3364 1114 3427 virt.

71 3470 179 3530 liittor
201 3467 239 3528 ad
259 3465 394 3527 Guthrie
417 3462 497 3549 ittig.
513 3460 739 3523 weit-Gelda.
758 3463 794 3524 P.
812 3475 844 3540 5.
864 3463 905 3523 T.
923 3479 955 3525 Ω.
978 3484 1010 3545 p.
1026 3475 1112 3546 224.
1141 3505 1145 3510 -

73 3571 129 3653 qui
148 3580 238 3651 putet
252 3557 476 3656 Modogoseor
499 3583 566 3626 non
583 3578 693 3625 notem
716 3561 805 3626 inille
822 3563 1000 3635 veteribus.
1028 3567 1114 3627 Zare-

73 3669 165 3734 zrbar
178 3685 286 3730 aurem
301 3667 428 3730 differre
442 3665 645 3729 rPtolemeei
660 3665 839 3727 latitudine.
864 3665 978 3748 Neque
995 3682 1115 3738 temen.

74 3771 225 3855 quodibi
244 3771 337 3840 dicit,
365 3763 630 3832 vossrurrdtr.1.
651 3767 802 3828 Zenzlbar
818 3765 878 3828 elle
897 3771 1033 3849 putavit.
1063 3767 1116 3831 sed

75 3873 211 3935 intutam
227 3861 437 3962 Polmiseram
453 3867 473 3932 l.
491 3869 524 3932 S.
540 3863 669 3941 Annae,
695 3889 774 3951 quae
791 3886 868 3932 vcro
882 3889 939 3952 per
954 3870 1115 3932 ambitum

75 3975 137 4039 elle
159 3993 224 4037 non
242 3971 360 4055 potest.
386 3971 438 4034 vel
461 3967 535 4033 lello
552 3991 568 4032 α
583 3969 669 4032 Mela
685 3971 812 4056 grandir
834 3971 1000 4036 indicetur.
1040 3971 1115 4037 Vid.

76 4079 164 4142 Pario
180 4080 216 4138 in
239 4073 410 4137 memolree
434 4073 474 4135 de
495 4071 677 4154 lecedetnie
698 4073 756 4140 dee
776 4071 975 4156 inscriptione
991 4073 1060 4138 v01.
1081 4087 1115 4152 7.

73 4201 108 4268 p.
129 4189 190 4259 85.
213 4175 268 4240 ubi
286 4177 373 4262 pluro
389 4174 427 4238 ad
444 4174 689 4258 explicationem
712 4175 808 4240 huiue
823 4173 887 4238 loci
903 4173 1116 4262 dieputerrtur.
