2696 4896
159 447 212 504 nt
237 447 372 506 POMP.
403 448 511 506 MEL.
554 447 664 506 Lm.
706 447 799 508 C.V.
841 445 917 518 §.n
998 463 1057 526 aap

12 655 13 658 κ
52 621 104 686 lito
118 637 182 680 non
198 619 369 682 dubitarim
389 619 499 682 falsum
520 619 597 690 alle,
620 622 706 703 quod
723 621 924 704 Pomponius
939 619 978 683 rle
995 621 1055 683 litu
1118 643 1128 670 i

55 722 158 784 relidit.
209 719 294 782 Nam
321 723 373 804 ipli
401 723 495 784 etiam
521 723 705 785 Ptolemaeo
733 724 810 785 ultra
843 739 888 796 70
916 723 1052 806 gradum

50 821 238 886 declinationia
264 822 304 885 ab
337 838 503 905 aequatore
535 843 601 884 non
629 841 777 908 vergunt.
846 825 1052 908 Quamquam

48 919 213 984 ruiffimnm
247 923 309 993 cll.
346 924 646 1006 consequentem,
681 941 716 986 nt
743 925 947 988 timentium
982 925 1051 989 dieo

44 1025 188 1092 incubis,
215 1027 272 1105 qui
295 1024 350 1086 iub
367 1028 441 1107 polo
455 1041 599 1110 agerent,
629 1027 647 1086 sr
665 1029 728 1089 illic
749 1029 939 1089 commorlua
958 1027 1051 1090 locua

42 1125 217 1187 habitationis
238 1123 341 1198 foret,
367 1141 399 1188 et
420 1131 585 1212 aregione
603 1130 625 1191 6
642 1129 796 1190 mensium
818 1147 892 1191 uox.
945 1127 1046 1191 eausa

42 1227 86 1297 eil,
112 1228 188 1308 qoorl
216 1230 453 1307 aequinoctialia
482 1230 615 1291 horizon
644 1229 685 1292 all
713 1231 876 1310 polorum.
915 1229 967 1290 hic
991 1249 1047 1291 au·

41 1339 90 1387 tam
111 1347 160 1408 per
184 1330 329 1408 primunr
353 1331 484 1414 gudrun
507 1331 612 1392 nrierir
640 1346 672 1392 et
700 1331 878 1412 obpolltum
906 1332 1046 1413 primum

40 1429 146 1512 gradum
162 1429 258 1491 librae
274 1433 429 1511 procurrit
442 1434 598 1493 maxinme
614 1433 776 1515 paralleloe
789 1433 1046 1516 cognominatua.

38 1529 160 1612 intelligo
175 1545 285 1592 alitem
305 1534 414 1612 palca,
443 1553 483 1594 ne
505 1535 575 1614 quia
598 1533 702 1594 obiter
717 1535 801 1594 aliud
821 1533 946 1604 sentiat,
979 1535 1045 1594 duo

39 1629 77 1690 illa
95 1631 122 1690 in
143 1631 345 1695 firmamento
367 1637 424 1696 lixa
439 1636 634 1715 immotaque
656 1651 772 1717 puncta
790 1654 880 1696 axem
899 1632 1044 1716 sphaerae

39 1734 227 1802 terminantia.
267 1735 308 1796 acl
344 1755 424 1816 quoa
452 1737 622 1819 circumagi
655 1737 814 1796 mundum
844 1749 877 1798 at
908 1735 1043 1797 fiderum

40 1833 152 1894 uriinea
169 1833 229 1896 ella
251 1854 325 1906 cos,
357 1835 536 1898 Allrnnomi
560 1837 731 1907 tradidere,
759 1855 799 1898 ne
819 1837 891 1919 quit
909 1835 1043 1897 circulor

38 1950 76 2001 are
91 1935 256 2020 intelligere
279 1949 372 2019 putet
386 1959 461 1998 cum
479 1940 626 2008 Varrone.
648 1937 713 2019 qui,
736 1951 774 1999 ut
790 1937 913 2000 Gellius
931 1951 963 2017 5.
986 1954 1041 1999 ιο.

40 2029 134 2104 inibit,
164 2031 276 2100 πόλου
293 2040 427 2100 circulor
443 2041 585 2110 vocarit,
616 2041 670 2121 qui
692 2041 724 2100 in
748 2036 871 2120 sphoera
888 2034 1042 2126 κρικωτῆ,

38 2129 129 2197 hocell
143 2137 277 2218 pertula.
306 2139 369 2202 live
389 2141 480 2221 plana
497 2143 598 2202 videri
617 2144 673 2201 rix
693 2155 818 2222 queant,
842 2141 929 2202 velut
944 2139 1043 2200 hodie

38 2233 298 2302 inallrolabiornm
327 2240 541 2305 instrumenti·
561 2243 687 2303 minimi
711 2243 847 2323 paralleli
869 2251 1043 2303 cernuntur

38 2338 96 2397 circa
115 2355 268 2420 punctum
292 2343 417 2413 wuith,
450 2363 529 2424 quoa
553 2343 710 2405 orbiculos
733 2343 896 2404 Vitruviua
916 2356 1042 2424 quoquc

38 2433 77 2498 lib.
90 2455 119 2516 9.
149 2461 164 2501 a
188 2442 318 2505 Graecia
342 2439 464 2516 πόλους
485 2445 640 2506 nominari
665 2445 777 2516 tradit;
809 2443 1041 2505 recentioribua

38 2555 86 2596 aon
107 2541 164 2623 ipla
189 2545 355 2604 cardinum
382 2563 516 2626 puncta,
550 2545 610 2607 hoc
633 2546 676 2608 eil
697 2545 915 2626 parallelorum
935 2557 1042 2606 centra

39 2637 273 2725 intelligentibua.
324 2647 447 2708 Plinius
467 2667 593 2729 quoque
616 2640 671 2732 [4,
691 2629 748 2710 α’ὂ.
766 2645 786 2708 i.
808 2639 883 2731 rm]
912 2645 945 2706 iu
967 2664 1038 2707 ean·

39 2738 91 2798 iem
115 2741 299 2808 sententiam
325 2748 365 2807 lic
391 2749 501 2810 habet:
536 2745 589 2808 lbi
615 2748 784 2808 creduntur
812 2737 871 2834 effe
895 2745 1041 2808 cardines

39 2841 122 2902 nucarii
138 2849 329 2929 extremique
339 2845 480 2939 fiderum
504 2846 657 2918 ambitus,
682 2840 824 2940 semestri
845 2847 910 2908 luce
925 2859 955 2908 et
972 2849 1053 2908 una'
1110 2837 1116 2852 ⁸

38 2935 153 3006 lisoio
168 2946 290 3037 nverfi.
316 2963 351 3010 ut
368 2971 430 3012 rtort
453 2957 466 3028 (
474 2953 515 3012 ita
534 2951 629 3010 etiam
649 2951 742 3012 verba
760 2949 889 3010 invertit
907 2947 1040 3009 Haedui·

39 3059 95 3113 unq
118 3049 210 3133 vulgo
237 3071 299 3110 nou
324 3065 360 3110 ut
377 3054 444 3127 -)
463 3053 602 3128 imperiti
623 3049 744 3120 dixere,
778 3047 1040 3132 abaequinoctio

39 3159 110 3204 neruo
124 3149 154 3209 in
177 3165 393 3216 auctumuum.
427 3153 523 3214 Semel
547 3155 579 3213 iu
596 3173 680 3214 nuno
690 3143 831 3242 solstitio
845 3153 988 3211 oriuntur
1002 3149 1042 3210 iis

41 3239 119 3316 ωδ.
148 3247 317 3334 immoque
337 3246 435 3344 semel
460 3253 618 3316 occidunt.
671 3255 756 3314 Eum
783 3253 929 3318 Solinus,
956 3246 1038 3338 [16.

41 3337 136 3438 lau]
160 3369 195 3416 ut
218 3343 313 3423 lolet,
341 3354 463 3415 lecuma
483 3353 536 3416 eil.
589 3356 648 3416 Per
663 3367 820 3417 extremos
836 3352 888 3412 ille
904 3351 1042 3412 siderum

40 3445 166 3521 ambitur.
192 3455 343 3516 circuitur
358 3459 545 3516 extimarum
563 3455 716 3517 llellarnm
735 3457 767 3516 in
786 3453 927 3514 minimie
948 3451 1043 3533 paral·

40 3541 90 3608 lalia
104 3553 273 3639 intelligit:
290 3577 357 3618 una
369 3577 446 3618 vcro
461 3555 510 3616 die
528 3559 624 3626 dixit,
648 3559 709 3618 hoc
730 3556 787 3625 cll.
815 3555 982 3623 continua,
1007 3551 1040 3614 id

40 3651 104 3724 l¹¹0d
131 3655 231 3718 Solini
255 3659 350 3720 verba
381 3659 538 3720 tollantur.
597 3657 798 3741 Quamquam
832 3673 899 3716 non
928 3651 1041 3724 nescio,

42 3753 121 3816 naiua
134 3757 190 3820 alle
209 3759 240 3818 id
260 3775 386 3841 tempua
402 3760 521 3841 aliquot
539 3759 666 3830 diabua,
693 3779 756 3842 quo
774 3757 953 3826 solstitialia,
980 3755 1043 3817 srva

42 3849 127 3917 telina
141 3859 221 3943 figna
240 3858 282 3922 lol
301 3873 456 3944 permeat,
479 3880 574 3941 quam
588 3860 651 3922 hoc
669 3859 720 3927 fit.
743 3859 834 3940 quod.
849 3859 878 3918 ei
900 3877 955 3938 per
972 3856 1045 3918 bru·

43 3953 111 4014 atalia
131 3959 210 4045 ligna
232 3963 406 4023 transeunti
429 3959 625 4042 respondeat.
677 3957 773 4022 Cnuia
793 3959 860 4020 eiua
881 3957 923 4019 est
944 3975 1044 4020 eccen-

43 4051 148 4122 runem.
174 4095 227 4109 -·
275 4062 365 4125 Bene
381 4065 477 4146 igitur
501 4063 596 4124 rerba
611 4061 783 4143 Pomponii
804 4057 975 4141 pensanda,
1003 4080 1045 4123 na

43 4155 94 4230 llll
110 4173 196 4242 putet
217 4183 325 4248 param
342 4166 476 4228 omnino
493 4161 552 4226 alle
574 4165 642 4227 aiut
658 4163 722 4226 diei
741 4162 905 4243 noctiaque
922 4161 1044 4244 quami-
