2650 4896
300 413 364 486 ¹³4
568 403 731 465 nomn
770 405 1079 474 execramur,

299 575 445 642 maniam
472 574 588 642 delatis
612 575 649 640 in
674 577 740 641 fine
761 599 831 662 cap.
849 569 909 658 5.‘'
950 600 1018 643 rac.
1037 597 1219 644 cnouovtvt
1237 581 1294 648 MS.

298 681 426 766 Nempe
453 680 540 741 Mela
572 699 760 743 connexum
790 682 929 764 putabat
957 677 1111 764 Caspium
1139 701 1219 744 mare
1237 703 1295 745 cnm

299 783 432 854 Oceano
455 777 626 860 Scythic0,
651 779 739 868 (vid.
764 805 793 854 1,
811 799 843 854 Ω,
867 778 918 867 ι.)
944 797 982 850 ut
1003 779 1088 844 Ptin.
1107 783 1140 853 6,
1159 782 1294 860 15.s.13.

298 895 332 948 et
348 879 423 954 alii,
451 881 491 943 de
513 901 578 967 quo
597 883 653 944 suo
675 884 769 953 loco,
795 897 892 970 atque
908 880 987 950 inde
1006 879 1084 966 quia
1100 903 1185 944 mare
1197 880 1295 962 Scydri·

297 1003 375 1052 cum
401 981 589 1067 pertinebat
614 982 655 1044 ad
682 985 807 1056 Eoum,
844 981 925 1047 illuc
950 983 1062 1046 cursus
1088 985 1129 1045 ad
1154 980 1295 1058 oricum,

295 1104 394 1172 quem
408 1080 492 1146 mari
507 1080 586 1146 sacit
602 1083 732 1160 Noster,
764 1085 904 1168 patebat.
956 1085 1113 1147 Ceterum
1131 1085 1240 1146 Melam
1256 1105 1295 1146 er·

295 1185 476 1276 presserunt
488 1180 616 1246 Plinius
633 1181 666 1258 6,
685 1203 741 1248 co.
756 1185 777 1247 s.
795 1201 848 1258 ιτ.
873 1201 906 1247 et
920 1181 1053 1254 Solinus
1069 1206 1138 1270 cap.
1154 1199 1206 1263 5⁰·
1221 1185 1238 1246 s.
1252 1199 1296 1261 53.

294 1289 369 1350 lllet
401 1293 429 1350 A
446 1277 564 1378 Caspio
581 1289 663 1348 mori
676 1287 883 1370 Scythicoque
904 1285 1031 1349 Oceano
1052 1283 1192 1371 (quibua
1209 1283 1294 1348 verbis

294 1391 381 1452 clara
406 1390 463 1450 lux
494 1384 708 1472 adfunditur)
739 1389 772 1448 iu
798 1388 902 1450 Eoum
923 1379 1032 1481 cursus
1059 1383 1237 1476 deflectitur,
1262 1384 1295 1446 cd

293 1491 440 1554 orientem
464 1479 615 1581 conversa
635 1489 762 1550 litorum
780 1479 907 1579 fronte.
975 1485 1056 1552 Hic:
1098 1487 1172 1583 Quo
1186 1484 1223 1549 ab
1240 1488 1293 1568 scy-

292 1591 378 1654 thico
404 1589 531 1654 Oceano
552 1605 584 1652 et
607 1591 687 1652 mari
710 1580 829 1679 Caspio
851 1591 884 1652 in
908 1588 1069 1652 Oceanum
1090 1591 1191 1653 Eoum
1211 1579 1294 1678 cursu

291 1687 474 1779 inflectitur.
498 1725 546 1740 -
587 1692 691 1773 Supra
708 1705 816 1752 autem
834 1703 867 1766 3,
889 1713 919 1762 1,
936 1709 969 1770 9.
994 1705 1114 1758 terram
1132 1705 1198 1754 toto
1215 1691 1293 1753 latete

290 1813 309 1856 a
326 1789 452 1857 Celtico
471 1788 698 1879 promontorio
716 1791 756 1857 ed
773 1788 966 1870 Scythicum
979 1811 1086 1876 usque
1110 1786 1245 1855 converti
1263 1787 1293 1850 ad

289 1891 538 1978 septemtriones
555 1889 695 1956 dicebat
728 1891 827 1976 Quod
843 1893 863 1952 sr
878 1912 955 1958 cum
970 1893 1125 1957 hocloco
1142 1910 1292 1974 comparat,

290 1979 331 2064 in
359 1991 515 2079 Scythico
549 1989 776 2077 promontorio
804 1989 964 2076 adsurgit,
1006 1995 1059 2054 vel
1095 1989 1219 2056 excedit
1241 1993 1292 2053 lon·-

288 2093 412 2181 gisfime
436 2091 492 2158 illc
514 2108 653 2170 tractus,
693 2107 790 2179 utque
811 2090 891 2160 inde
911 2094 1046 2164 demum
1063 2092 1167 2156 flexus
1186 2089 1291 2175 incipit,

288 2193 346 2282 qui
371 2191 515 2258 declinat
541 2190 663 2262 iterum
687 2194 818 2267 seufim,
851 2195 931 2256 dum
954 2195 994 2256 ad
1017 2193 1178 2260 orientem
1197 2193 1293 2277 spectet

287 2313 390 2369 terra,
425 2316 524 2381 quem
543 2292 723 2358 terminum
743 2296 870 2357 Taurus
893 2293 972 2360 facit
989 2292 1213 2379 promontorio
1231 2289 1291 2354 inde

288 2398 319 2463 se
336 2397 513 2469 adtollens,
539 2411 577 2458 ut
598 2397 706 2458 rursus
723 2393 790 2480 ipse
809 2393 910 2460 tradit
930 2420 958 2469 1,
980 2408 1035 2474 15,
1055 2416 1086 2460 2.
1120 2398 1290 2460 Promonto-

287 2496 376 2563 rium
396 2496 481 2564 illud
503 2494 589 2559 infra
611 2511 708 2558 vocat
731 2497 878 2569 Tamum,
905 2481 1046 2560 fi'lecrio
1068 2499 1143 2560 sarm
1164 2496 1219 2568 est,
1247 2489 1290 2554 alii

284 2601 420 2663 Imaum.
474 2595 530 2661 Sic
558 2617 636 2660 vero
664 2593 816 2661 describit
841 2612 983 2661 tractum
1011 2595 1089 2660 inde
1117 2619 1136 2660 a
1159 2592 1289 2676 Scythico

284 2695 524 2786 promontorio,
551 2695 609 2784 qui
624 2696 752 2762 adiacet
767 2695 850 2760 mari
864 2701 949 2776 Eoo,
972 2696 1023 2760 uti
1039 2695 1196 2782 prolixius
1211 2693 1290 2758 etim

286 2803 466 2886 expositum
488 2795 586 2861 estin
606 2795 696 2862 notia
717 2796 787 2862 crit
804 2821 835 2884 p.
856 2815 924 2864 cro
940 2799 985 2885 sq.
1037 2800 1192 2863 Ceterum
1205 2795 1290 2862 orien-

284 2905 349 2966 tale
374 2902 464 2965 Afrae
489 2903 591 2972 latua,
631 2897 689 2962 ubi
712 2898 796 2962 mari
818 2903 889 2962 Eoo
912 2897 1073 2975 adluitur,
1108 2902 1292 2986 populosque

283 3001 354 3074 citu
375 3000 502 3089 primus
525 2999 708 3065 accuratius
730 3000 843 3064 Noster
866 2999 1039 3086 descripsrt.

357 3204 501 3288 incia)
551 3205 601 3266 Ex
618 3198 752 3266 nivibus
769 3203 898 3266 causam
917 3203 1071 3286 adserunt
1082 3201 1167 3267 Plin.
1180 3218 1213 3266 et
1225 3194 1291 3267 sni-

280 3329 343 3372 nue
365 3308 399 3370 ll.
421 3325 469 3368 cc.
505 3325 604 3402 quam
629 3305 670 3366 dc
698 3301 830 3385 Scythia
855 3303 968 3367 Noster
993 3307 1087 3391 supra
1114 3327 1183 3391 cap.
1203 3313 1234 3382 5.
1253 3297 1289 3362 iu

279 3407 442 3504 posuerat,

355 3606 659 3691 Androphagi)
706 3605 773 3694 Qui
805 3629 925 3695 nempe
949 3609 1043 3685 sunt,
1074 3629 1156 3698 quos
1181 3601 1286 3673 Gelliut

281 3731 317 3794 9,
338 3721 373 3793 4„
395 3707 477 3773 dicit
495 3707 531 3770 in
550 3707 644 3772 libris
662 3707 824 3795 antiquit,
852 3712 906 3776 sed
924 3710 1173 3775 mendaciorum
1188 3701 1287 3795 plenit

280 3810 350 3876 dici
382 3809 576 3895 corporibus
605 3809 780 3872 hominurn
808 3808 894 3874 vesci
924 3810 1046 3875 solitos.
1090 3831 1156 3876 mc.
1181 3823 1287 3872 cnoro·

278 3897 358 3976 viva
375 3914 448 3982 MS.
492 3913 593 3976 Recte
614 3913 681 3974 huc
696 3909 840 3996 pertinet
854 3911 952 3976 Gellii
973 3917 1066 3976 locus
1086 3911 1159 3986 iste,
1183 3905 1287 3996 quippe

280 4011 317 4076 in
332 4010 461 4093 Scythis
484 4011 688 4098 penitisfimie
711 4014 768 4075 sub
786 4010 924 4100 ipsoque
945 4010 1224 4098 septemtrionibus
1239 4023 1284 4068 eot

279 4111 433 4180 homiues
460 4109 622 4182 librorum
653 4129 859 4178 coemtorum
889 4129 1040 4179 veterum
1067 4113 1133 4179 fide
1165 4124 1286 4179 commt-
