2746 4894
238 421 302 492 ῃ.
507 407 667 472 norro
706 368 1008 473 eloeerrctrr
1135 417 1137 422 ¹

244 607 314 673 pag.
328 585 413 667 569.
431 583 452 650 l'.
468 596 555 665 893.
580 585 758 668 Stephano·
772 582 807 648 h.
825 605 859 648 v.
877 585 1032 667 Nrgretae
1047 599 1155 651 temen
1171 587 1280 652 editur

248 693 282 750 in
300 690 422 750 Avieno
438 709 471 752 v.
488 701 573 767 399.
598 687 655 748 ubi
670 689 766 748 etiam
786 699 909 756 tuetur.
940 682 1045 750 nescio
1066 709 1167 771 quam*
1180 703 1279 763 reete,

244 791 448 854 Schraderne.
497 789 639 852 Eosdem
658 788 778 870 Nigroe
798 801 913 871 putant
932 809 949 850 e
965 787 1073 852 Plinio
1095 789 1151 853 lib.
1167 793 1200 862 6.
1219 804 1282 871 35.

247 889 344 971 [3ο.
367 889 483 952 vocari.
529 888 676 961 Nomen,
710 891 798 972 qnod
826 890 914 953 idem
939 888 1055 953 diserte
1076 893 1219 956 adfirmet
1243 897 1283 954 in

246 993 346 1076 priori
368 993 457 1062 loco,
487 989 590 1053 sortiti
618 1001 706 1052 erant
728 1010 745 1053 e
767 989 869 1076 Nigro
892 973 1043 1064 llu'tnine,
1079 994 1169 1057 cuiue
1191 1009 1285 1057 erent

246 1094 385 1164 accolae,
411 1092 446 1154 h.
464 1091 611 1174 senegai.
637 1091 692 1154 etfi
714 1093 749 1152 in
771 1091 832 1154 hoc
852 1091 949 1154 nostri
967 1093 1149 1178 Geogrephi
1165 1093 1286 1158 diesen·

248 1195 345 1256 tiunt.
396 1195 449 1256 Sic
469 1193 630 1256 rl'Anville
648 1192 784 1276 Nigrum
806 1207 840 1254 et
857 1195 990 1280 Senegel
1006 1193 1149 1257 diverloe
1168 1197 1283 1268 credit,

248 1295 340 1358 illum
356 1294 393 1356 td
409 1297 584 1367 orientem,
610 1295 749 1356 bonoad
770 1292 911 1356 occasum
926 1314 1061 1358 currere.
1090 1297 1132 1358 At
1147 1299 1286 1360 coniun-

248 1409 332 1480 gont
355 1396 408 1456 alii
433 1409 621 1477 utrumque,
653 1396 688 1456 in
714 1396 752 1456 iie
778 1395 931 1467 Lalande.
958 1396 1101 1468 Buache.
1133 1399 1285 1471 Deliolee,

248 1499 363 1561 laillot.
413 1497 519 1560 Situm
541 1495 653 1583 popuii
673 1497 757 1560 inter
773 1495 902 1562 Maeror
919 1509 952 1562 et
972 1497 1145 1583 Aethiopas
1161 1499 1287 1562 indicet

248 1597 335 1662 Mela
356 1621 385 1671 t,
401 1607 435 1678 4.
455 1611 489 1678 3.

330 1763 700 1850 Gaetulorumque)
736 1767 790 1830 Gr.
806 1760 1006 1840 Γαιτοῦλοι,
1031 1769 1121 1854 regio
1141 1768 1286 1832 Ferreu-

252 1862 321 1932 iia.
356 1870 467 1931 Dictoo
487 1881 592 1930 temen
609 1865 697 1929 soille
715 1888 732 1930 a
751 1867 941 1950 quibusdam
957 1866 1169 1942 Γαιτυλίους,
1194 1869 1286 1932 unde

249 1963 430 2040 Γαιτυλιά,
461 1983 549 2032 notet
569 1969 760 2052 Stephanus.
812 1970 918 2031 Latini
938 1972 1147 2052 penultimam
1164 1971 1287 2053 produ-

250 2083 337 2134 cunt.
373 2071 458 2134 Situe
483 2073 559 2133 item
575 2088 614 2132 ex
631 2069 716 2134 Mela
736 2089 766 2142 1.
779 2079 814 2148 4,
831 2084 865 2148 3.
888 2071 1105 2155 cognoscitur,
1135 2091 1174 2132 ex
1192 2073 1285 2134 cuiue

246 2184 282 2233 et
298 2172 434 2234 aliorum
455 2167 581 2234 indiciis
602 2173 641 2234 ad
662 2171 800 2232 fluvium
820 2170 932 2252 Adge-
948 2170 1019 2244 dee,
1049 2173 1105 2234 ubi
1127 2172 1160 2236 h.
1181 2184 1286 2256 egunt

249 2273 368 2336 Arabes
394 2271 543 2342 Beduioi
577 2272 789 2348 conlocandoe
813 2285 906 2354 putat
928 2273 1024 2335 Shaw
1044 2292 1165 2356 voyage
1188 2274 1230 2334 T.
1251 2293 1285 2336 ι.

248 2393 283 2459 p.
305 2395 361 2438 ιι.
375 2387 407 2438 et
422 2389 481 2448 70.
536 2373 631 2457 Quod
654 2372 758 2435 Melae
778 2374 925 2434 ordinem
943 2375 975 2434 in
997 2371 1126 2434 re'cenlu
1146 2373 1287 2455 populo·

249 2495 323 2536 rum
344 2477 472 2536 illorum
494 2489 526 2536 et
548 2476 729 2535 vicinorum
753 2473 956 2558 reprehendit
978 2473 1149 2546 Celloriue,
1182 2475 1222 2536 de
1245 2490 1287 2537 eo

249 2572 290 2638 ei.
306 2576 345 2638 ad
365 2577 390 2638 1.
411 2583 544 2658 t,4‚4.
567 2594 598 2656 p.
623 2587 702 2652 ιι3.

325 2741 502 2823 murice)
551 2741 657 2802 Etiam
687 2741 750 2803 hoo
780 2743 946 2805 confirmet
966 2739 1101 2818 Ptin.5‚
1126 2761 1156 2805 1.
1179 2761 1288 2804 omnes

246 2833 373 2936 scopuli
391 2843 517 2904 Gaetuli
539 2839 706 2903 muricibus
725 2855 758 2905 et
777 2845 926 2923 purpuris
944 2844 1161 2926 exquiruntur,
1187 2857 1221 2906 et
1245 2843 1286 2904 lic

251 2962 286 3025 9,
305 2947 363 3008 60.
384 2943 405 3006 l.
422 2942 478 3024 56.
499 2943 533 3004 in
558 2941 692 3005 Gaetulo
714 2941 806 3004 litore
820 2941 939 3004 Oceani
960 2944 1098 3004 maxime
1114 2945 1286 3027 praedicat,

249 3046 306 3106 ubl
330 3047 417 3128 ploro
435 3045 474 3106 tle
496 3057 685 3126 purpuraret
707 3045 819 3104 murice
837 3044 944 3107 heber.
979 3045 1090 3106 Hor-et.
1106 3065 1179 3128 epp.
1197 3059 1230 3114 9,
1250 3057 1285 3116 9,

257 3159 340 3223 181.
363 3147 469 3206 laudat
484 3143 583 3233 uestes
602 3143 736 3206 Gaetulo
752 3145 868 3206 murice
888 3146 1021 3206 tinetas.
1055 3145 1140 3205 Hinc
1158 3147 1287 3226 Purpu-

252 3249 357 3308 rarioe
380 3237 498 3335 insulae
517 3245 599 3328 apud
625 3247 708 3306 l’lin.
727 3245 761 3317 6,
788 3259 846 3324 37.
868 3244 889 3308 l.
908 3259 966 3323 39.
990 3247 1025 3306 in
1045 3245 1108 3306 hoc
1129 3259 1229 3332 tractu
1251 3261 1287 3308 et

220 3413 224 3422 4
253 3361 343 3408 ante:
377 3348 502 3406 Paneas
520 3337 642 3436 infitias
662 3343 787 3434 eonfiat
807 3337 865 3434 effe
885 3367 925 3406 ex
946 3335 1080 3438 aduerso
1101 3345 1286 3408 Autololum

253 3469 274 3509 a
288 3445 370 3508 Iube
390 3458 545 3526 repertur.
573 3444 733 3530 inquibus
757 3445 951 3509 Gaetulicam
969 3467 1143 3528 purpuram
1164 3447 1286 3528 tingere

252 3547 439 3642 irfit'tuerae.

414 3721 443 3795 §.
468 3727 501 3794 5.
553 3713 759 3795 exterior)
808 3713 934 3796 Nempe
968 3733 1047 3796 quae
1078 3715 1218 3776 adluitur
1244 3715 1284 3778 ab
1332 3750 1341 3758 -

253 3817 574 3887 oceanotnantieo,
607 3817 655 3876 uti
676 3830 769 3877 extra
789 3831 822 3878 et
842 3816 1029 3899 introapud
1052 3815 1203 3878 Nostrum
1226 3833 1288 3898 po·
1350 3869 1355 3880 .

253 3935 383 3982 nentur.
429 3919 614 3980 Interiorem
632 3918 719 3978 enim
735 3936 839 3992 oram,
864 3937 944 4002 quae
958 3918 1096 4004 adtingit
1115 3937 1204 3984 mate
1219 3936 1287 3981 me·

254 4019 483 4093 diremerunt,
508 4016 666 4103 deloriplit
689 4039 717 4090 ι,
734 4029 768 4098 5.
