2746 4894
262 423 328 498 4⁸⁸
455 449 459 458 ·
531 391 692 472 uort'n
733 409 1032 470 nxnonrtcau

269 587 453 657 sntmauum
468 605 495 651 e.
509 587 533 650 l.
552 587 654 650 tuitnt
675 583 728 651 est.
766 583 839 650 Post
852 585 1025 670 aliquando
1041 587 1151 672 igitur,
1173 607 1212 646 err
1227 599 1304 650 otro

269 691 368 763 edaci.
401 704 485 753 recte
506 686 611 770 posuit
635 687 769 750 incilum
793 690 918 761 minna,
950 702 983 752 et
1004 689 1060 758 lic.
1094 687 1234 752 literae
1259 689 1306 752 eli

269 791 445 864 Sallulliua‚
469 787 579 854 Perire
597 787 667 870 poll
684 789 828 852 Herculio
841 803 982 853 mortem
996 788 1120 873 dilapsi,
1146 787 1305 852 Phamllie

272 889 524 960 commilitant.
572 889 701 952 solinus
717 905 823 952 tamen
840 881 905 972 34.
916 889 938 955 f.
957 889 976 951 l.
993 905 1052 971 δι.
1070 890 1169 953 Perfia
1185 887 1305 954 ornillie

271 994 436 1062 Pharustoa
468 991 615 1056 Herculia
648 993 782 1054 comitet
806 993 928 1054 itinerla
955 988 1060 1054 taedio
1085 991 1141 1052 hio
1162 989 1304 1054 resedille

272 1109 393 1166 narrat.
427 1107 461 1157 et
484 1093 523 1154 sac
545 1111 665 1157 notram
691 1090 907 1156 difficultatem
929 1093 1072 1156 obstruit.
1123 1091 1194 1154 Nec
1215 1095 1304 1156 aliter

273 1196 386 1264 Strabo
402 1197 443 1259 de
459 1195 579 1257 Mauria
595 1213 668 1256 eum
684 1193 769 1258 Mela
786 1197 938 1278 componi
952 1193 1061 1276 potest.
1097 1191 1249 1256 Ceterum
1264 1195 1305 1258 de

273 1297 419 1364 moribua
434 1309 468 1359 et
486 1297 552 1357 vita
565 1294 787 1360 Phamiiornm
810 1297 963 1379 quaedam
980 1295 1089 1358 retulit
1108 1295 1221 1358 Strabo
1237 1314 1265 1359 c.
1282 1296 1305 1376 l,

274 1397 381 1466 Perlaa
396 1397 456 1460 elle
477 1399 574 1459 etiam
590 1397 665 1459 inde
682 1397 799 1480 probat
815 1397 911 1459 Hoell
928 1413 995 1458 von
1012 1392 1163 1459 Maroltoe
1177 1417 1208 1478 p.
1225 1416 1305 1462 roo.

275 1501 349 1584 qula
369 1499 408 1561 ab
430 1497 584 1562 Arabibua
610 1499 787 1560 etiamnum
810 1498 907 1562 hodie
930 1496 1031 1561 Perfia
1059 1509 1192 1558 vocetur
1212 1499 1305 1560 Fors.

274 1602 371 1667 show
393 1617 532 1684 voyage·
549 1631 598 1648 —
621 1599 662 1661 T.
681 1616 712 1663 t.
735 1599 785 1663 eh.
803 1601 836 1664 6.
858 1619 929 1682 pag.
952 1613 1032 1675 ¹⁰7·
1055 1598 1205 1678 opinatur
1221 1597 1307 1681 polle

275 1701 390 1772 locari.
423 1699 481 1762 ubi
506 1698 540 1762 h.
564 1696 634 1760 lunt
660 1700 773 1782 populi
798 1700 977 1763 Low-aute
1000 1713 1035 1760 et
1054 1703 1194 1770 Anrmer,
1220 1699 1309 1780 quod

276 1802 408 1866 conlinit
429 1819 469 1864 ex
487 1813 600 1862 monte
616 1791 779 1893 Plaanreso
800 1801 883 1884 apud
898 1800 1036 1862 Ptolem.
1052 1811 1087 1880 4,
1105 1813 1139 1862 9.
1163 1798 1308 1860 fimilitu-

235 1896 240 1905 ’
276 1903 353 1966 dine
376 1903 506 1974 duntur,
539 1919 728 1982 quamquam
752 1901 805 1964 laic
827 1901 993 1964 Pharulloa
1015 1901 1210 1980 aliquantum
1232 1902 1308 1964 inde
1358 1895 1365 1905 “

274 2015 439 2077 removet,
466 2015 499 2066 et
521 2017 623 2072 rento,
649 2021 725 2063 cum
748 2004 782 2065 in
807 2001 1002 2065 Mauretania
1022 1999 1209 2064 caesariano
1231 2021 1309 2064 entn

275 2109 424 2170 montem
439 2101 568 2170 adierat.
604 2102 773 2166 sedidem
793 2105 888 2166 Shaw
903 2121 930 2166 e.
946 2103 968 2166 l.
989 2123 1021 2185 p.
1041 2117 1121 2174 170.
1142 2103 1310 2166 Pharnlioe

274 2206 311 2272 tn
326 2217 428 2270 tractu
447 2204 512 2268 Tell
526 2202 550 2269 l.
565 2203 733 2268 montibut
746 2205 881 2268 Atlantia
898 2205 990 2288 ponit
1006 2203 1131 2268 melina.

402 2409 497 2488 tt·
544 2329 759 2492 tutent)
807 2407 1023 2472 nautarum
1049 2402 1149 2490 rpem
1178 2405 1311 2470 atoma

348 2707 393 2768 ei
405 2719 422 2770 t
436 2726 453 2768 r
467 2705 513 2792 o)
563 2708 603 2772 ln
624 2707 721 2771 hnint
743 2721 859 2772 tractu·
880 2708 964 2771 lilria
988 2707 1071 2770 hanc
1092 2706 1239 2770 arborem
1256 2727 1311 2770 ex·

274 2809 359 2892 quiri
372 2821 486 2872 mouet
499 2805 612 2872 dilette
624 2811 709 2873 Plin.
720 2820 753 2888 5,
769 2831 798 2873 ι.
823 2810 974 2892 idemque
987 2811 1154 2871 confirmat
1175 2822 1230 2888 13,
1248 2823 1308 2888 99.

276 2909 300 2974 l.
321 2907 467 2988 15.ubi:
493 2908 588 2973 Artas
606 2931 698 2972 morta
712 2909 863 2990 peculiari
880 2910 1031 2990 proditur
1041 2905 1133 2999 filva
1147 2944 1199 2956 -
1225 2909 1311 2972 001·-

267 3009 353 3104 fuet
368 3010 396 3070 ei
410 3011 540 3082 Mauri,
562 3009 675 3093 quibus
686 3012 822 3092 plurima
835 3009 931 3074 arbor
944 3011 1026 3072 curi.
1065 3011 1151 3072 Hinc
1165 3009 1307 3072 Martial.

280 3121 334 3191 ²4·
346 3129 405 3191 9⁰·
420 3123 531 3174 vocat:
547 3107 655 3202 silvae
662 3113 800 3174 Maurae
808 3109 926 3203 filiam,
941 3113 1027 3193 quod
1043 3113 1138 3174 etalii
1153 3105 1308 3176 innuunt

273 3211 697 3276 vid.ttarduin.ad1>ttn.
722 3226 777 3291 13.
803 3229 862 3292 99.
885 3209 908 3275 s.
936 3223 991 3290 15.
1054 3211 1155 3274 Porro
1181 3211 1242 3274 hae
1266 3213 1308 3275 de

273 3311 361 3375 caula
374 3307 545 3400 Ἑσπερίδα
563 3313 617 3374 vel
635 3308 823 3400 ‘Eortaprutlu
837 3309 943 3403 μῆλον
959 3326 1077 3374 vocant
1091 3313 1308 3376 confirmanti·

272 3412 332 3477 bue
361 3414 622 3493 interpretatione
652 3413 816 3498 glollariia‚
848 3433 908 3476 nec
929 3415 1011 3476 male
1037 3415 1102 3476 huc
1125 3411 1309 3476 referuntur

270 3510 385 3600 χρυσᾶ
415 3509 507 3600 μῆλα
538 3513 604 3577 τῶν
626 3510 819 3602 Ἑσπερίδων
843 3527 973 3597 propter
998 3515 1140 3576 colorem
1161 3535 1307 3588 anteum,

270 3615 321 3676 uti
351 3613 428 3674 baeu
458 3613 612 3695 prolixiua
642 3614 788 3698 exposuit
813 3615 976 3678 Salmaliua
1004 3615 1038 3676 in
1064 3615 1167 3679 Solin.
1199 3637 1233 3699 p.
1259 3638 1306 3680 m.

270 3715 342 3790 6¹70
360 3713 422 3794 sqq.
456 3713 594 3777 Consule
608 3717 703 3778 etiam
718 3715 859 3779 Eullath.
876 3716 913 3777 atl
929 3715 1037 3795 odyff.
1055 3731 1088 3792 7,
1109 3727 1190 3793 115.
1207 3739 1243 3800 p.
1260 3739 1308 3782 m.

269 3825 354 3892 974.
371 3811 393 3876 f.
414 3813 470 3876 ubi
486 3817 582 3877 etiam
600 3831 713 3885 narrat,
733 3817 903 3879 Herculem
920 3837 959 3878 ex
971 3817 1069 3896 Libya
1086 3819 1120 3878 in
1137 3818 1307 3881 Graeciam
1336 3839 1340 3846 ·

267 3913 449 3995 exportalle.
483 3914 567 3978 Cum
584 3915 650 3978 lero
659 3917 781 3980 Romae
796 3917 991 3988 innotuillet,
1014 3918 1203 4005 intelligitur
1216 3919 1306 4002 apud

266 4013 353 4078 Plin.
371 4026 406 4093 5,
425 4035 456 4080 t.
480 4036 536 4079 cur
549 4019 722 4083 Suetonius
734 4019 898 4094 Paulinut.
916 4021 973 4104 qui
987 4017 1046 4084 tub
1062 4019 1193 4086 Nerone
1207 4021 1305 4094 vixit,
