2650 4896
308 391 370 456 aad
574 391 738 454 NOTAE
777 391 1077 454 exactiorem

312 574 430 655 oeogr.
450 569 574 634 lieven.
593 581 628 648 5,
650 583 708 646 51.
731 569 816 632 ultra
835 563 1060 644 Britanniam,
1086 564 1178 634 iuxta
1199 569 1311 635 Orcadas

312 689 346 738 et
359 667 554 734 Hiberniam
569 665 701 733 Servius
715 667 756 731 ad
769 666 882 754 virgil.
898 671 1016 756 Georg.
1032 691 1060 736 c.
1078 673 1100 734 l.
1138 674 1180 734 Et
1192 673 1230 735 tic
1241 670 1311 735 Tan:

312 790 365 840 tus
386 769 421 834 in
443 769 593 855 Agricola
617 791 686 854 cap.
709 792 763 834 ιο.
786 769 887 834 refert
905 767 984 834 inde
1007 772 1047 833 ab
1063 771 1256 843 Orcadibua,
1276 775 1311 835 val

311 872 350 938 in
378 869 502 938 vicinia
529 869 707 957 dispectana
733 870 793 934 else
819 871 962 936 Thulen.
1022 873 1115 936 Ultra
1139 870 1311 936 Britanniam

310 975 526 1060 paullumque
547 973 642 1058 supra
662 971 807 1038 Orcades
830 971 871 1034 ad
892 974 1032 1058 gradum
1054 976 1102 1052 63
1125 973 1219 1059 ponit
1238 971 1311 1036 etiarn

310 1077 518 1142 Ptolemaeus
535 1091 567 1148 a,
588 1089 622 1156 5.
673 1075 716 1134 Et
738 1075 779 1136 sic
799 1069 855 1136 alii
876 1075 950 1158 plus
971 1073 1150 1160 minusque
1171 1077 1248 1137 ultra
1264 1071 1311 1137 liri

311 1173 461 1240 tanniam
480 1177 599 1240 locant.
636 1169 710 1237 vid.
725 1171 859 1254 Dionys.
874 1197 905 1240 v.
924 1187 1008 1254 580.
1031 1191 1064 1238 et
1078 1196 1162 1262 quos
1173 1177 1212 1237 ad
1223 1171 1311 1238 Rutilii

311 1275 422 1341 itiner.
439 1300 470 1351 ι,
485 1285 569 1356 499.
591 1271 746 1360 producit
760 1275 962 1340 Wemsdorf.
1002 1277 1107 1342 Causa
1121 1278 1200 1342 baec
1215 1271 1311 1338 ellari

310 1377 422 1451 detur,
449 1377 539 1462 quod
556 1373 653 1440 etiam
668 1373 857 1440 Britanniae
872 1393 997 1442 veteres
1013 1376 1104 1440 diem
1121 1398 1222 1462 paene
1237 1373 1311 1438 conti

310 1501 417 1544 nuum
438 1479 643 1550 tribuebant,
670 1477 711 1539 de
733 1497 798 1564 quo
816 1480 959 1542 luvenal.
978 1498 1011 1553 o,
1032 1481 1116 1544 261.
1151 1475 1311 1542 Tacitusis

309 1577 459 1665 Agricola
475 1599 503 1642 c.
523 1597 576 1642 aa.
627 1575 716 1640 Hinc
729 1576 911 1643 Eumenius
933 1577 969 1641 in
988 1577 1190 1666 panegyrico
1205 1576 1237 1640 in
1250 1579 1311 1641 Con

310 1677 437 1745 slantin.
459 1682 541 1764 Aug.
566 1700 634 1764 cap.
652 1695 685 1758 7.
713 1679 753 1740 de
780 1677 990 1765 expeditione
1021 1677 1226 1743 Britannica:
1258 1681 1311 1740 Pto

303 1773 417 1876 spexit
430 1780 601 1852 Oceanum,
626 1793 674 1852 att,
689 1772 860 1872 fruiturus
873 1781 984 1844 exinde
1003 1783 1069 1845 luca
1088 1795 1244 1864 perpretata,
1265 1780 1311 1840 tra

310 1883 431 1946 uideret
447 1881 511 1944 illic
523 1881 605 1944 diam
623 1903 724 1964 poena
743 1883 941 1955 continuum,
968 1897 1001 1945 et
1021 1903 1091 1965 cap.
1109 1902 1143 1964 9.
1161 1881 1201 1943 de
1212 1877 1311 1943 Britan·

309 1981 383 2046 nia:
421 1980 458 2044 in
483 2003 547 2069 qua
571 1977 764 2073 longiffimoe
784 1981 850 2045 dtas
869 1995 902 2044 at
926 1983 1029 2046 trullam
1044 1980 1121 2075 strae
1144 1983 1247 2067 fflquo
1265 1981 1311 2042 ba

309 2097 419 2148 noctes
443 2119 495 2132 -
519 2095 556 2144 att
571 2073 627 2175 sol
649 2073 732 2175 ipse.
769 2085 826 2166 qui
850 2081 939 2146 nolit
965 2084 1092 2148 videm
1114 2083 1256 2154 occidere,
1282 2077 1311 2142 all

309 2184 467 2264 dpereat
490 2185 670 2264 praeterire.
721 2180 777 2246 Sic
803 2180 981 2257 Pliniana,
1006 2199 1064 2262 77.
1088 2186 1111 2250 s.
1133 2198 1190 2264 75.
1211 2179 1243 2244 in
1260 2175 1311 2244 Bri·

309 2280 423 2366 tannia
442 2283 557 2352 aestate
579 2280 705 2347 lucidas
726 2299 840 2346 noctes
859 2284 920 2346 else
941 2283 1100 2348 adfirmat
1140 2282 1224 2349 Hinc
1235 2287 1310 2362 Syna·

310 2387 371 2448 sius
386 2381 475 2468 epist.
497 2395 576 2464 ¹48·
593 2376 662 2472 ἥτις
675 2382 756 2449 ποτέ
775 2381 858 2448 ἐστιν
875 2379 893 2472 ἢ
912 2378 1042 2473 Θούλη,
1071 2383 1203 2452 διδοῦσα
1222 2407 1248 2448 r.
1262 2379 1310 2444 lra-

306 2484 404 2568 βᾶσιν
418 2475 520 2574 αὐτὴν
534 2475 696 2549 ἀνεύθυνα
711 2477 766 2548 καὶ
778 2483 960 2570 ἀνέλεγκτα
975 2485 1025 2572 (in
1034 2508 1136 2574 marg.
1148 2484 1310 2550 emendatur

308 2582 511 2673 ἀνέγκλητα)
535 2575 733 2672 ψεύδεσθαι.
782 2583 994 2650 ABritannia
1016 2585 1133 2667 etim,
1161 2584 1309 2671 sagradunt

308 2687 432 2770 spectes
447 2688 514 2763 63,
541 2683 598 2747 vix
620 2684 715 2769 bidui
737 2687 831 2750 cursu
855 2705 1003 2752 removet
1025 2704 1058 2750 et
1079 2690 1174 2774 supra
1195 2683 1309 2752 orcadas

307 2784 405 2871 ponit
423 2788 629 2851 Ptolemaeus
648 2806 680 2859 2,
697 2804 729 2866 3.
771 2787 895 2852 Contra
911 2786 1118 2874 aliquantum
1134 2811 1151 2852 a
1167 2779 1308 2852 Britannia

307 2885 421 2950 disbare
449 2889 558 2952 versus
588 2886 855 2974 septemtrionem
887 2887 1039 2954 adfirmat
1068 2892 1205 2974 Procop.
1229 2887 1264 2949 de
1283 2883 1309 2945 B·

307 2990 405 3053 Goth.
430 3007 463 3061 o,
490 3003 544 3068 15.
580 2986 616 3050 in
641 3011 741 3074 quam
763 3010 804 3052 err
829 2987 935 3052 Dania
960 2992 1072 3076 egressi
1096 2989 1189 3056 Eruli
1211 2981 1310 3071 adpuli

306 3091 376 3152 sant.
420 3087 513 3152 Facit
534 3088 704 3153 Britannia
725 3088 826 3154 etiam
843 3092 945 3178 duplo
967 3091 1146 3168 maiorem,
1177 3089 1310 3154 desertam

305 3190 396 3264 sere,
428 3190 482 3252 sed
499 3210 562 3276 qua
578 3193 717 3264 colatur,
743 3206 855 3274 gentes
878 3189 1053 3266 continere,
1070 3209 1132 3274 13,
1160 3210 1239 3278 qnae
1253 3179 1309 3249 toti·

306 3291 383 3352 dem
404 3289 535 3374 regibus
559 3301 704 3377 pareant
760 3293 869 3354 Habes
881 3295 1058 3376 propositas
1073 3294 1115 3356 de
1131 3295 1190 3356 sant
1206 3287 1309 3352 Thulat

303 3389 411 3453 varias
426 3407 575 3452 veterum
590 3389 774 3475 opiniones,
792 3388 827 3452 in
843 3389 975 3478 quibus,
994 3415 1094 3478 quem
1108 3386 1307 3476 Pomponiana

304 3494 417 3554 locum
439 3489 495 3553 fibi
511 3488 678 3564 vindicet,
703 3489 804 3555 dubia
819 3491 961 3577 quaestio
978 3492 1111 3558 videtur
1126 3518 1167 3558 ex
1180 3483 1306 3576 obposttil

304 3589 434 3676 Belgis,
468 3594 675 3676 stvulgatam
694 3589 872 3656 lectionem
898 3593 1049 3680 sequaris.
1101 3599 1149 3659 Ita
1171 3589 1303 3655 nimirum

304 3693 421 3754 Rheno
446 3689 574 3756 obiecta
591 3690 714 3771 iaceat,
744 3691 802 3756 ubi
822 3691 919 3777 ponit
938 3697 1053 3778 Belgas
1070 3711 1104 3772 3,
1126 3715 1157 3772 n,
1176 3709 1227 3772 37.
1248 3705 1303 3755 nec·

305 3813 389 3876 quae
410 3793 451 3856 de
470 3791 545 3857 solis
568 3809 642 3856 ortu
659 3809 693 3856 et
713 3792 827 3857 occasu
840 3809 965 3869 narrat,
991 3793 1162 3860 conciliari
1176 3813 1245 3858 cum
1258 3785 1302 3848 illo

305 3893 364 3954 litu
382 3893 519 3977 posunt.
572 3896 666 3978 Quae
681 3913 759 3957 vero
777 3892 980 3978 sirespicias‚
1007 3917 1025 3958 a
1041 3898 1249 3960 Sarmatarum
1266 3883 1302 3948 in·

302 3989 379 4055 sulit
405 3991 516 4056 resiliit
541 3994 584 4056 ad
610 3991 891 4080 septemtrionem,
927 3997 1016 4072 unde
1042 3997 1084 4059 ad
1106 4000 1225 4081 Talgen
1244 4003 1300 4073 pr⁰·

301 4093 421 4177 petrus
441 4093 492 4159 est.
521 4091 611 4176 (Vid.
629 4111 772 4183 extrema
790 4099 902 4178 nota.)
939 4098 1015 4163 Non
1029 4095 1140 4165 minor
1153 4097 1209 4165 elle
1221 4081 1301 4182 potes
