2746 4894
220 499 223 510 ,
297 429 362 498 868
476 425 482 442 '
569 417 733 480 nom
773 415 1076 476 EXEGETICAB

303 593 488 660 cubitorum
511 612 591 666 roo.
613 589 829 678 profunditas,
855 605 1011 676 quantum
1035 588 1194 654 sufficeret
1208 588 1282 651 nari
1298 586 1340 650 iu·

291 697 407 784 ¹genti.
442 693 516 760 vid.
533 695 647 760 Strabo
666 711 722 772 17.
742 717 774 778 p.
792 707 877 776 553.
892 693 912 758 i.
925 704 999 774 804
1014 693 1055 775 lq.
1076 693 1165 756 conl.
1185 689 1341 753 Herodoto

309 815 343 870 c,
366 809 448 876 253.
480 799 519 859 ln
534 797 640 880 primo
657 799 725 860 eiue
740 811 867 862 auctore
884 799 1018 859 variant.
1045 792 1343 858 scribentium

309 896 477 973 calolidu,
509 901 559 960 uti
580 897 766 964 Aristotelea
790 900 1005 983 Meteorolog.
1029 917 1058 969 r,
1084 907 1143 976 04.
1168 908 1202 956 et
1223 893 1300 958 Plio.
1314 893 1343 974 6·

275 1053 282 1070 .
313 1015 373 1082 35.
392 999 412 1062 l.
433 1015 491 1082 29.
530 997 802 1064 Psammetichum
829 1003 925 1064 etiam
952 1021 992 1062 ex
1016 1000 1086 1062 aliie
1114 997 1209 1058 addit
1233 995 1344 1063 Strabo,

311 1119 450 1185 eumque
472 1117 576 1167 morte
597 1105 630 1164 in
655 1101 721 1186 ipio
745 1121 840 1185 opere
863 1101 1042 1185 obprellom
1067 1097 1130 1162 elle
1153 1098 1253 1160 addit.
1298 1094 1345 1160 At

313 1203 458 1276 Nouum,
485 1203 711 1268 Psammetichi
732 1206 852 1278 lilium,
878 1202 1023 1268 referunt
1046 1202 1209 1266 Herodot.
1225 1215 1257 1268 a,
1275 1205 1345 1274 158.

314 1317 350 1386 4.
367 1315 427 1388 qa.
459 1305 598 1369 Diodor.
622 1327 651 1378 ι,
677 1321 736 1384 33.
760 1323 793 1370 et
810 1309 946 1370 Tzetzea
968 1305 1055 1370 Chil.
1079 1319 1114 1380 7,
1139 1313 1247 1384 1477.
1271 1297 1345 1381 qood

314 1425 354 1475 ex
377 1407 640 1492 praecedentibus
660 1405 750 1471 facile
773 1410 976 1494 intelligitur.
1035 1405 1169 1470 Seiollri
1195 1417 1296 1464 tamen
1318 1398 1346 1459 itl

315 1511 478 1574 vindicare
495 1508 615 1572 studuit
632 1510 665 1572 in
688 1511 824 1593 peculari
843 1510 1056 1572 dilectatione
1075 1505 1243 1574 uoffalluc
1264 1519 1346 1584 qnam

315 1608 439 1698 proiert
458 1611 495 1673 td
522 1611 678 1675 Herodot.
697 1631 724 1675 c.
747 1613 769 1678 l.
791 1611 1025 1696 Wellelingiur.
1078 1609 1201 1670 Menoe
1223 1604 1288 1690 post
1305 1602 1348 1663 ul·

318 1713 426 1776 morit
455 1713 570 1774 Dariue
597 1711 767 1796 Hyilaipie.
802 1713 954 1798 (Strabo,
985 1713 1129 1781 Pliniue‚
1166 1707 1347 1774 Herodotut,

269 1865 278 1882 l
320 1813 486 1880 Diodorue
503 1833 546 1876 cc.
568 1810 625 1898 ll.)
677 1814 791 1899 Neque
818 1829 926 1878 tamen
950 1811 1099 1896 perfecit.
1128 1825 1292 1876 metuent.
1314 1821 1348 1866 nt

318 1913 456 2000 periodo
472 1915 589 1978 isthmo
611 1915 699 1978 rubri
721 1920 816 1980 marie
837 1937 914 1999 aqua
936 1919 970 1978 in
987 1917 1179 2000 Aegyptum
1196 1903 1346 1991 depress'ro·

320 2037 389 2084 tent
407 2019 549 2082 irrueret.
586 2019 731 2080 Tandem
748 2016 882 2103 perfecit
902 2018 1104 2082 Ptolemaeus
1123 2009 1346 2092 Philadelphut

322 2116 474 2201 iectieque
496 2119 633 2182 claullric
657 2122 818 2202 providit,
852 2135 888 2182 ut
912 2121 974 2183 sine
997 2121 1115 2180 damno
1136 2119 1185 2177 ire
1208 2127 1241 2175 et
1259 2109 1345 2173 redire

322 2239 420 2284 naver
446 2219 579 2303 pollent.
615 2221 766 2300 (Strabo,
793 2223 973 2293 Diodorou.
1009 2220 1136 2282 Plinius
1152 2236 1200 2279 cc.
1221 2216 1274 2291 ll.)
1316 2209 1345 2270 ln

324 2323 394 2388 elue
417 2321 575 2384 honorem
592 2327 695 2386 omnir
711 2325 764 2387 ille
782 2338 847 2387 arte
863 2325 1018 2385 deductus
1037 2320 1240 2382 Ptolemaeus
1258 2315 1345 2374 dictur

323 2422 384 2494 est.
410 2427 457 2485 uti
476 2425 602 2486 tradunt
619 2426 781 2489 Diodorue
798 2441 830 2488 et
849 2426 984 2488 Pliniue.
1022 2423 1133 2504 Atque
1150 2421 1206 2480 hic
1220 2416 1262 2479 ell
1275 2415 1346 2476 lIro·

324 2519 469 2614 leporio
493 2518 661 2614 ποταμὸς.
687 2548 782 2608 quem
806 2539 1035 2618 commemorat
1049 2521 1204 2592 Aelirn‘ua
1222 2516 1287 2580 hitt
1305 2533 1345 2574 an·

332 2641 386 2696 aa,
407 2641 466 2706 29.
499 2624 549 2688 Cf.
568 2626 750 2714 Welleling.
766 2630 804 2690 ad
822 2629 956 2698 Diodor.
977 2627 1048 2689 Vol.
1062 2644 1092 2690 1.
1107 2647 1140 2707 p.
1152 2637 1212 2702 59.
1248 2615 1345 2680 lnssau·

325 2729 409 2792 rarit
431 2729 557 2790 alveum
578 2748 629 2791 an.
648 2731 719 2810 635
741 2732 864 2808 Amm,
899 2727 951 2794 ied
979 2728 1066 2789 idem
1095 2736 1165 2806 ¹49
1187 2721 1276 2785 annia
1292 2712 1352 2799 ptst'

328 2830 437 2891 denuo
460 2827 593 2892 obrutua
610 2831 662 2894 eil.
703 2833 775 2894 Vid.
791 2831 935 2918 Allgem.
949 2827 1066 2894 Raiien
1081 2827 1155 2893 vot.
1178 2835 1208 2890 l.
1228 2843 1259 2908 p.
1274 2823 1344 2891 ard·

325 2930 382 2997 etii
401 2928 447 2992 ibi
468 2929 540 2994 falla
559 2933 714 3016 quaedam
735 2933 976 3020 adsperguntur.

364 3185 376 3198 ..
404 3133 601 3218 dioryga)
659 3138 707 3200 lta
739 3150 857 3201 vocant
881 3119 1040 3200 Herodot.
1064 3143 1101 3214 4.
1124 3139 1186 3216 49.
1221 3127 1344 3198 cotti·

328 3235 455 3319 aliique.
497 3240 535 3300 ln
558 3238 704 3301 Diodoro
725 3259 753 3310 r.
772 3254 831 3318 33.
850 3240 965 3300 dicitur
987 3222 1106 3324 διώρυξ
1127 3219 1343 3321 xrrpmolqwlr

329 3351 367 3402 ut
382 3339 436 3402 hic
450 3359 545 3400 manu
563 3338 662 3402 factua
678 3344 791 3403 aronio.
819 3343 872 3406 Sic
889 3333 1121 3428 uorap'p‘o'rrror
1138 3321 1344 3421 χειροποίητθῑ

329 3439 441 3504 Strabo
459 3441 514 3504 16.
531 3461 562 3523 p.
579 3455 664 3522 509.
683 3440 704 3504 l.
723 3453 808 3522 740.
860 3443 985 3505 Eodem
1007 3438 1107 3502 verbo
1123 3446 1256 3498 utuntur
1271 3437 1300 3488 et
1311 3419 1343 3481 do

331 3541 401 3604 aliie
416 3541 576 3604 canalibur
591 3556 623 3604 et
635 3544 733 3607 alveis
750 3545 913 3614 derivatis.
933 3565 965 3608 v.
979 3563 1006 3605 c.
1022 3562 1060 3604 ex
1076 3539 1238 3621 Euphrate
1251 3521 1343 3593 Statim

337 3645 392 3708 26.
415 3663 487 3728 pag.
505 3657 588 3722 509.
612 3643 631 3705 l.
652 3658 735 3724 740.
763 3645 817 3706 ubi
839 3647 928 3706 addit
949 3640 1129 3731 ταφρείας,
1156 3632 1303 3716 Polybius
1315 3639 1341 3700 9·

331 3756 392 3826 45,
416 3761 450 3810 a.
473 3779 519 3793 -
545 3765 585 3806 cx
606 3748 738 3831 Tigride
759 3747 899 3809 Zolrmur
917 3761 949 3825 3.
970 3755 1028 3827 24.
1045 3742 1077 3806 h·
1092 3742 1132 3803 de
1153 3737 1242 3806 iolla·
1265 3738 1342 3813 ΨΜ

332 3846 450 3910 Xerxen
464 3867 519 3929 per
535 3846 627 3910 Atho
642 3862 787 3911 montem
801 3845 958 3930 depreffit,
985 3846 1141 3908 Herodot.
1158 3859 1192 3926 7,
1212 3849 1285 3902 122·
1302 3852 1340 3876 ⁶·

334 3949 373 4010 ln
391 3947 539 4032 scriptura
556 3961 682 4010 tantum
706 3955 830 4015 variant
845 3963 1006 4021 auctoree,
1040 3948 1080 4009 de
1103 3963 1163 4029 qua
1183 3920 1342 4006 dictumest

332 4050 368 4112 in
385 4061 453 4114 not.
471 4051 540 4116 crit.
562 4071 595 4137 p.
617 4065 702 4134 ⁹9²·
