2696 4896
176 425 527 486 turnucum.
566 427 674 484 Lm
718 426 810 492 ov.
851 426 929 504 tt·
1012 439 1073 504 ιιι

1 587 2 595 ¹
35 619 127 666 uu
158 602 195 664 iu
223 599 432 684 descriptione
456 601 584 668 Caucasi
607 621 679 690 pag.
697 590 757 684 59.
791 603 847 685 qui
870 613 961 688 putat
986 597 1076 664 luill'e

40 701 173 765 hino!
199 701 385 768 belldlrioet·

107 901 295 988 Albani)
347 907 404 971 Gr.
422 903 592 988 'Aldutol
632 907 776 992 Ipsorum
795 905 885 991 regio
905 899 1077 982 Ἀλβανία.

35 1005 151 1068 Strabo
176 1026 230 1071 ιι.
256 1027 327 1090 pag.
344 1019 426 1090 345.
445 1008 466 1072 s.
488 1011 636 1088 5or.·de
656 1010 706 1072 hic
728 1011 785 1071 lic:
817 1005 878 1071 rod
900 999 1078 1094 νομαδικοῦ

33 1105 151 1190 γένους
183 1103 366 1197 ἐγγυτέρω,
395 1105 480 1197 πλὴν
506 1101 569 1176 οὐκ
592 1105 771 1198 ἀλλότριοι.
818 1109 942 1171 Plinius
964 1104 997 1178 6,
1021 1117 1077 1184 15.

36 1207 57 1268 s.
85 1223 144 1295 ι5.
167 1208 208 1270 ab
232 1207 341 1273 Iasone
360 1223 445 1274 ortua
465 1227 572 1295 putat,
601 1226 639 1276 ut
661 1213 791 1276 Solinus
814 1229 881 1292 cap.
902 1219 956 1286 15.
977 1207 998 1272 s.
1018 1222 1078 1270 tto.

35 1311 92 1390 qui
122 1330 141 1370 a
172 1311 358 1392 capillorum
380 1313 485 1376 colore
506 1315 596 1399 genti
618 1333 739 1376 nomeu
759 1312 868 1374 datum
894 1309 954 1372 elle
978 1308 1078 1379 addit.

34 1411 125 1492 quod
148 1408 270 1473 refutat
288 1412 413 1477 Salmas.
427 1415 465 1476 ad
482 1435 509 1480 c.
525 1417 547 1478 l.
570 1436 603 1499 p.
618 1435 663 1478 ιιι.
681 1425 761 1495 ι54.
783 1431 857 1476 cum
878 1411 1007 1474 illorum
1022 1427 1081 1492 po·

37 1513 199 1594 pulcrum
234 1514 341 1576 nullut
374 1515 486 1578 habeat
517 1535 638 1578 nomen
670 1517 838 1584 Latinum,
880 1529 978 1596 porro
1010 1527 1080 1574 nou

37 1631 177 1684 umnec,
215 1612 268 1676 sed
289 1616 418 1697 quidam
439 1630 564 1678 tantum
586 1637 604 1680 a
624 1617 759 1702 pueritia
781 1613 882 1678 statim
905 1614 974 1674 cani
994 1612 1080 1683 staur,

43 1712 152 1796 (Pliu.
175 1729 208 1790 7,
229 1731 260 1778 o.
288 1715 410 1780 Gelliue
426 1735 459 1798 9,
475 1715 532 1804 4.)
555 1719 694 1801 denique
712 1715 833 1786 album,
859 1725 915 1776 aut
931 1711 1081 1774 albanum

42 1834 101 1897 pro
119 1834 203 1877 cano
221 1817 341 1879 Latinie
355 1837 422 1880 non
441 1821 581 1892 dicatur,
609 1817 662 1884 led
677 1818 784 1880 album
797 1817 897 1902 magia
912 1813 952 1876 de
972 1815 1080 1876 colore

43 1919 135 1978 cutia.
178 1919 230 1979 De
250 1919 374 2002 origine
394 1919 568 1982 Thessalica
589 1941 629 1984 ex
648 1918 756 1983 Iasone
774 1917 842 1981 vid.
863 1917 959 1979 etiam
978 1915 1080 1976 Tacit.

42 2020 129 2080 dnn.
148 2019 183 2088 6.
203 2029 262 2096 34.
290 2020 397 2084 lulliu.
414 2031 473 2098 42,
490 2033 522 2101 5,
538 2032 573 2105 4.
594 2023 764 2084 Herculem
780 2039 819 2083 ex
834 2017 921 2081 ltalia
936 2015 975 2078 ab
990 2015 1083 2078 Alba·

44 2137 89 2179 uo
115 2131 248 2190 monte,
282 2139 366 2190 cum,
393 2122 541 2202 Geryone
567 2123 734 2193 exstincto,
768 2122 837 2184 eiua
861 2131 1002 2180 armenta
1025 2136 1083 2200 per

44 2219 169 2280 ltaliam
189 2221 337 2292 duceret,
363 2221 484 2286 secutor
501 2223 560 2285 else
581 2243 621 2285 ex
641 2223 841 2307 quorundam
859 2221 1013 2304 opinione
1035 2237 1083 2280 re·

1 2307 2 2376 l
45 2318 117 2382 sert.
159 2321 281 2384 Alanos
299 2323 428 2387 eoadem
448 2324 516 2406 poll
538 2325 640 2387 dictor
656 2325 716 2387 elle
731 2335 848 2408 putant
861 2321 1008 2403 quidam.
1034 2319 1084 2380 utl

1 2489 2 2498 ¹
44 2435 78 2482 et
97 2417 216 2482 diserte
239 2423 381 2484 adfirmat
404 2425 539 2488 Zonaras
560 2425 615 2489 lib.
636 2437 691 2502 15.
708 2427 755 2488 iu.
791 2423 833 2484 At
849 2423 940 2486 Alani
957 2419 1083 2483 diverso

46 2523 104 2584 litu
126 2525 164 2583 in
188 2525 369 2586 auctoribue
389 2526 555 2608 adparent,
586 2525 641 2590 etst
665 2529 697 2586 in
718 2546 756 2588 eo
779 2545 846 2586 nou
873 2541 987 2586 umnec
1009 2541 1085 2584 con·

47 2621 201 2686 sentiunt.
251 2625 383 2687 Ponunt
403 2639 508 2688 tamen
528 2629 670 2712 plerique
692 2627 732 2688 rd
754 2625 914 2688 Maeotide
935 2623 1085 2706 paludem

1 2793 2 2796 ¹
47 2741 80 2786 et
99 2727 259 2806 Tanaim,
286 2727 375 2788 velut
396 2727 561 2792 Claudiau.
583 2731 617 2793 iu
638 2729 746 2790 Rufiu.
768 2735 897 2806 1‚514.
933 2721 1085 2806 losephut

1 2835 2 2900 ξ
49 2827 90 2887 de
105 2828 146 2888 B.
169 2827 241 2888 lud.
260 2841 292 2902 7.
311 2841 369 2902 27,
383 2826 462 2913 (7.)
482 2841 517 2908 4.
547 2843 581 2893 et
599 2844 679 2912 quoa
700 2827 852 2912 produxit
874 2824 1028 2890 Cellariua
1050 2827 1085 2886 in

1 2911 2 2946 ³
50 2927 171 3011 Geogr.
190 2940 255 2988 ant„
281 2944 314 2997 a,
336 2929 369 3000 6,
392 2944 451 2993 att.
504 2931 557 2992 Sic
572 2931 686 2994 Alanos
702 2927 739 2992 ad
755 2927 902 3011 paludem
922 2925 1086 2988 Maeotida

1 3063 2 3110 3
49 3031 145 3112 punit
184 3029 412 3092 Constantino·
443 3031 642 3116 Porphyrog.
681 3031 721 3092 tle
759 3027 931 3090 admiuillr.
960 3027 1087 3107 imperii

1 3123 2 3130 '
50 3147 116 3211 cap.
139 3139 203 3208 45.
236 3144 269 3190 et
300 3127 380 3192 infra
405 3132 444 3192 ad
474 3131 616 3194 Pontum
648 3129 830 3215 Abasgiam3
869 3145 968 3210 prope
997 3126 1087 3189 Boou

51 3231 226 3308 (Phasida)
247 3232 284 3292 ad
306 3229 476 3294 Caucasum
499 3232 634 3319 Procup.
662 3229 702 3294 de
725 3230 808 3292 bello
827 3227 911 3292 Pers.
927 3243 961 3299 a,
985 3243 1044 3307 29.
1069 3243 1088 3288 t

53 3329 192 3395 Caucaso
213 3333 251 3392 ad
270 3346 376 3414 portae
397 3331 521 3415 Caspiae
544 3336 630 3395 idem
651 3333 692 3395 de
717 3333 752 3394 B.
772 3329 869 3394 Goth.
886 3339 920 3408 4.
939 3341 971 3407 5.
1005 3346 1088 3409 quae

54 3433 170 3494 ufitate
192 3435 275 3494 inter
289 3433 431 3496 Mediam
452 3448 483 3498 et
504 3435 663 3498 Parthiam
684 3445 861 3517 ponuntur.
901 3429 973 3492 Vid.
988 3427 1088 3492 Cella·

53 3535 117 3596 ritu
134 3535 170 3594 in
187 3531 305 3618 Geogr.
328 3548 393 3596 ant.
411 3549 443 3612 5,
468 3547 521 3614 ¹8·
541 3551 600 3598 aa.
653 3536 826 3598 Finitimoa
840 3535 887 3594 eia
902 3526 976 3592 sacit
991 3529 1090 3592 Zona·

55 3653 101 3698 tat
121 3647 178 3712 15.
202 3655 231 3698 t.
254 3633 407 3720 Abasgoe,
433 3656 512 3718 quot
526 3637 562 3699 ad
581 3655 668 3699 oram
684 3636 782 3698 Ponti
799 3645 831 3696 et
848 3628 1019 3696 Caucasum
1036 3630 1090 3692 lut·

56 3734 163 3798 bitalle
184 3749 289 3798 narrat
310 3737 445 3820 Procop.
463 3737 504 3800 de
525 3737 564 3800 B.
582 3735 680 3801 Goth.
695 3745 731 3815 4.
756 3751 788 3814 5.
842 3733 934 3820 Quae
958 3729 979 3790 st
1003 3749 1090 3793 com·

55 3839 170 3920 paracle
196 3839 279 3900 luter
300 3835 346 3908 se.
375 3837 483 3900 addito
501 3839 609 3900 Plinio
624 3845 659 3917 4.
677 3847 736 3915 25.
760 3835 781 3897 s.
804 3850 859 3898 tu.
887 3831 976 3894 Alani
996 3833 1091 3894 ello·

57 3939 161 4002 uubio
194 3939 325 4002 ulterius
354 3933 506 4023 progressi
537 3957 573 4000 ea
605 3939 674 4002 loca
699 3946 904 4020 occuparunt.
957 3932 1010 3994 Sic
1034 3934 1091 4015 qui

60 4051 232 4122 utrumque
253 4039 410 4122 populum
430 4052 699 4110 commemorant,
732 4040 766 4100 in
789 4035 917 4100 diversit
937 4033 1016 4097 lucit
1035 4053 1093 4116 pu·

60 4153 159 4213 nunt.
201 4139 340 4206 llbtuoa
372 4141 503 4228 quidem
533 4142 573 4205 ad
606 4141 805 4206 occidentem
839 4133 963 4224 paludie
986 4133 1094 4200 Maeo-
