2746 4894
143 437 200 496 IN
227 434 363 494 POMP·
393 435 500 494 ΜΗ..
542 433 579 492 Ι..
599 435 656 490 111.
684 433 731 492 Ὁ.
752 435 804 493 tx.
845 435 976 514 §.a-4·
1039 445 1103 516 395

53 612 117 677 fica
146 607 270 700 Θοῦρος
291 609 334 672 ett
352 629 426 672 anm
448 608 572 691 impeta
588 609 763 672 violentae.
798 609 849 672 Λα
873 624 969 697 auget
991 613 1105 697 fignifi-

54 717 239 777 aationem.
290 705 370 775 inde
403 706 576 799 Λάθουρος
614 713 754 772 maxime
784 711 959 778 violentur.
1008 715 1105 778 Forte

55 821 162 880 etiam
179 818 223 876 ita
241 814 436 897 adpellatue,
475 816 560 896 qnod
586 813 620 874 ia
642 815 798 875 Venerem
825 817 1001 878 concitatur
1019 815 1105 888 atter.

55 919 152 1000 qnod
168 918 276 977 reriue
290 930 393 998 putat.
409 935 482 978 curn
494 905 615 1002 θούρης
627 915 663 976 iit
680 909 947 1002 ἂφροδισιαστὴς.
970 917 1107 980 Alexan·

56 1021 152 1082 drrae
169 1032 275 1080 autem
291 1039 399 1103 regem
416 1031 521 1088 vocat,
546 1019 619 1101 quia
636 1017 680 1078 ibi
696 1014 800 1081 [edem
817 1021 907 1104 regni
925 1019 1108 1083 habuerant
1154 1053 1163 1108 s
1243 1046 1250 1056 ·

57 1121 205 1206 Aegypti
224 1139 315 1204 regee
330 1119 399 1202 post
422 1121 649 1182 Alexandrum.
693 1117 967 1204 cartapetam.
986 1133 1044 1202 55.
1060 1123 1107 1186 in.

57 1223 148 1288 Ptin.
164 1223 199 1293 6,
218 1235 278 1301 35.
294 1221 315 1284 i.
328 1237 386 1302 50.
413 1222 551 1306 Aegypti
566 1241 674 1306 regem
690 1222 837 1302 adpellat.
864 1223 952 1284 Hine
966 1223 1109 1286 reductio

59 1327 147 1406 regis
167 1323 377 1387 Alexandrini
400 1326 441 1387 de
461 1325 647 1388 Ptolemaeo
665 1323 778 1388 dolete
802 1325 890 1410 apud
908 1323 1011 1389 Cicer.
1032 1345 1107 1410 epp.

59 1429 102 1492 ad
121 1429 189 1491 div.
210 1445 239 1498 ι,
256 1437 291 1502 7.

138 1619 419 1720 profugeret)
470 1629 555 1695 Cam
576 1627 766 1702 accusativo,
787 1648 978 1713 quamquam
994 1631 1109 1704 rariu'e.

62 1734 166 1796 etiam
193 1731 268 1792 alibi
291 1733 457 1816 reperitur.
498 1734 550 1796 Sic
568 1729 659 1794 Cart.
682 1749 736 1802 r'o.
757 1746 789 1802 Ω,
811 1745 869 1794 ao.
896 1723 988 1824 suoi
1009 1731 1110 1796 domi·

63 1857 125 1897 nor
146 1824 342 1923 profugiunt
360 1851 394 1913 9,
410 1851 444 1913 9.
462 1834 506 1897 in.
526 1835 635 1897 ducet.
669 1834 706 1896 In
722 1833 879 1896 Cicerone
893 1854 964 1916 epp.
982 1835 1022 1895 ad
1040 1835 1109 1900 dit.

68 1957 125 2008 ιο,
147 1948 181 2013 8.
217 1955 267 2018 ep.
284 1937 417 1998 Antonii
437 1935 605 2020 ambigant
623 1936 771 2000 editores.
825 1935 907 1997 Ante
929 1937 1110 2000 Victoriam

65 2034 106 2104 ad
126 2059 196 2099 eum
214 2050 339 2098 tantum
357 2057 422 2098 non
440 2055 553 2099 omnen
570 2039 747 2118 adponant,
765 2035 819 2098 hia
836 2037 967 2108 delevit,
990 2042 1111 2121 recepit

66 2141 246 2207 Graeviur.
270 2142 392 2220 expulit
415 2137 533 2201 iterum
554 2138 687 2202 Ernesti.
730 2140 803 2202 Vid.
821 2138 865 2199 ibi
889 2139 1048 2202 Graerinu
1069 2141 1110 2204 do

67 2243 130 2306 hae
158 2241 328 2309 structura.
364 2241 508 2306 Gronov.
536 2241 575 2301 ad
606 2241 717 2305 Senec.
743 2240 934 2328 Agamemn.
961 2256 1041 2308 aar.
1076 2254 1112 2308 et

66 2341 229 2408 Muncker
251 2343 292 2405 ad
313 2344 435 2428 Hygia.
454 2339 519 2404 fab.
537 2357 621 2422 27⁴7.

194 2549 225 2626 ς.
252 2554 288 2624 4.
338 2564 413 2624 pro
438 2545 627 2630 eloquio)
660 2547 756 2610 Hand
773 2547 881 2620 dubie,
898 2565 972 2609 aum
991 2545 1113 2611 Graece

67 2649 228 2733 explicare
252 2661 396 2709 mentem
421 2647 558 2710 Eudoxo
581 2669 647 2711 non
669 2648 811 2731 poliant,
843 2648 901 2714 vtsr
919 2648 990 2711 sunt
1013 2649 1110 2712 muti.

68 2773 137 2814 tac.
160 2768 359 2812 onouovrvr
377 2749 453 2812 MS.
506 2745 631 2812 Voss'ruo
656 2749 801 2844 Astomos
823 2754 961 2834 populos
985 2765 1052 2812 tarn
1077 2753 1113 2815 in

68 2855 182 2923 India,
208 2869 305 2934 quam
327 2851 360 2913 in
378 2852 479 2931 Libya
497 2871 515 2911 ιι
531 2850 693 2914 veteribus
708 2849 797 2914 fuiffe
814 2853 931 2934 positor
946 2866 1054 2926 notat,
1080 2865 1115 2916 et

70 2955 215 3016 fabulam
232 2953 307 3015 inde
323 2949 449 3015 forsitan
466 2967 576 3014 natam
598 2953 692 3025 dicit,
721 2953 804 3035 qnod
827 2967 938 3040 gentas
956 2955 1114 3035 quaedam

71 3077 109 3120 oe
127 3057 274 3140 operiant
291 3055 375 3126 lino,
401 3069 455 3115 ant
468 3072 594 3137 panno,
621 3073 717 3135 quem
734 3054 842 3115 eibum
863 3052 994 3116 sumturi
1008 3075 1114 3119 remo·
1198 3127 1202 3133 ,

69 3171 162 3220 vent.
205 3159 258 3220 Sia
281 3157 476 3218 Deimachua
498 3168 532 3217 et
550 3155 781 3240 Megasthener‚
807 3155 881 3218 teste
902 3157 1059 3219 Strabone
1079 3174 1112 3220 a.

70 3279 145 3345 pag.
163 3269 224 3337 48.
243 3255 263 3318 i.
284 3273 343 3333 70.
366 3258 399 3318 in
421 3259 513 3318 India
531 3253 704 3340 potuerunt
730 3251 911 3330 ἀστόμους,
939 3270 972 3320 et
989 3278 1027 3321 ex
1045 3257 1115 3320 Me·
1201 3240 1204 3246 ¹

71 3361 222 3446 gasshene
235 3359 319 3422 Plin.
338 3375 370 3432 7,
389 3375 420 3422 tt.
444 3361 561 3443 repetit
577 3372 707 3444 gentem
729 3357 996 3422 iuterNomodar
1012 3357 1115 3421 ludos

72 3465 200 3524 narium
221 3461 289 3523 loeo
303 3451 475 3552 foramina
497 3473 625 3522 tantum
646 3457 820 3524 habentem.
871 3461 932 3522 Sed
954 3473 988 3522 et
1005 3463 1038 3523 in
1056 3463 1115 3522 Aa·

74 3565 201 3646 thiopia
224 3577 393 3626 narrantur
413 3561 576 3626 monstrati
596 3561 674 3625 talea
692 3561 858 3633 hominen.
885 3563 996 3644 quaiee
1018 3561 1116 3624 habet

75 3665 175 3729 Meta.
213 3665 297 3726 Lnaa
312 3667 475 3747 pertinent
488 3665 527 3726 ad
543 3664 730 3726 variandam
747 3665 937 3726 orationem.
966 3665 1014 3726 lta
1030 3663 1115 3728 Plin.

76 3769 110 3838 6.
136 3779 196 3846 35.
221 3765 243 3828 i.
264 3779 321 3846 30.
352 3763 548 3863 Quibusdam
578 3786 638 3846 pro
660 3757 805 3858 sermorn
832 3777 928 3827 nutus
954 3776 1117 3848 motusque

76 3867 283 3932 membrorum
305 3865 359 3962 est.
422 3868 551 3932 Salinae
570 3880 628 3948 30.
653 3865 675 3929 i.
693 3881 752 3947 33.
774 3865 956 3929 Nonnullae
979 3863 1116 3952 (iacies)

77 3971 197 4052 linguis
217 3981 326 4031 carent
347 3970 379 4031 in
401 3970 499 4030 vicem
509 3961 668 4062 scamnis
682 3979 805 4031 utentes
824 3963 953 4030 naritns
969 3965 1118 4032 motibus·

75 4094 145 4171 que.
172 4070 224 4137 ct.
238 4071 336 4136 Virer
351 4071 389 4132 ad
408 4069 574 4156 Angustia.
586 4072 627 4136 de
642 4069 717 4135 Ciu.
729 4069 791 4132 Dei
806 4069 860 4141 16.
878 4081 913 4148 a.
944 4071 1119 4135 Booeaaiur

79 4177 121 4239 de
135 4173 280 4242 maribur
295 4172 318 4240 i.
335 4195 368 4240 r.
391 4173 582 4260 Ethiopian·
605 4189 747 4240 aramue
765 4169 805 4237 iia
822 4171 943 4238 natm
960 4173 1119 4239 reddiditt
