2746 4894
124 465 176 524 ru
203 466 343 526 nour.
371 467 477 524 uer..
520 467 629 524 nm.
672 467 805 531 cvnr.
847 465 924 536 ee.
989 473 1051 544 ott

28 635 139 718 Σαβᾶς,
156 636 424 725 (Agatharchides
438 643 478 704 de
492 640 570 704 mari
585 641 682 704 rubro
697 662 723 704 c.
738 653 795 720 50.
812 662 843 725 p.
856 644 915 721 63.
933 637 1050 726 Hudi.)

29 737 138 818 Σάβας,
162 745 322 821 (Diodor.
343 743 440 806 Sicul.
459 759 491 818 5,
506 755 566 822 47.
587 747 643 825 qui
660 741 711 806 sua
726 743 825 806 hauiit
841 766 879 806 ex
900 743 1048 830 Agathar-

29 843 119 916 chide;
138 846 241 929 vulgo
260 843 306 906 ibi
322 837 440 924 Σάβα)
466 841 579 920 Soliti.
595 851 608 924 (
615 845 767 910 Stridaah.
777 868 809 908 v.
833 860 866 908 et
880 845 1047 928 Theopbr.

30 945 83 1007 hit.
104 947 404 1027 0190191.3,4.ἰο.
426 947 460 1008 in
482 948 613 1029 plurali)
646 943 759 1022 Σάβα,
781 948 987 1032 (l'ltiloiiorg.
1012 949 1047 1008 in

28 1045 319 1127 1160006134.)
341 1038 438 1136 Eetip
454 1044 631 1122 βασίλειον,
648 1051 868 1128 (Ptolemaeue
885 1051 918 1120 6,
935 1065 968 1128 7.
990 1047 1049 1130 qui

28 1161 51 1208 et
63 1147 150 1210 habet
164 1144 291 1235 Σαβὴ)
320 1148 414 1213 Saba.
438 1149 612 1229 (Plin.12.
633 1165 691 1231 30.
710 1151 729 1214 s.
750 1155 827 1234 14.)
863 1153 943 1214 Eine
959 1169 1049 1212 men·

28 1249 64 1309 tio
76 1253 207 1311 occurrit
229 1253 264 1312 in
281 1253 380 1314 licerio
394 1251 497 1322 sacris.
528 1254 630 1314 veluti
657 1270 672 1317 1
695 1255 774 1338 lieg.
794 1269 849 1322 10,
868 1269 900 1316 1.
917 1285 967 1300 -
989 1249 1047 1312 ubi

27 1341 119 1422 836,
150 1353 264 1414 Graeci
287 1355 476 1436 interpretes
490 1347 606 1430 Σαβά.
656 1356 836 1418 Occurrunt
859 1352 969 1415 similia
989 1370 1048 1413 no·

29 1452 145 1530 minead
164 1453 270 1515 finum
284 1455 472 1527 Arabicum,
498 1457 551 1518 vel
566 1458 600 1516 io
615 1456 726 1518 Arabia
745 1454 846 1526 felici,
872 1457 921 1516 nti
938 1447 1048 1528 Σάβω

29 1565 54 1612 et
69 1545 157 1642 Zotip
175 1557 263 1638 apud
284 1559 483 1640 Stephanum
500 1558 532 1619 h.
551 1577 583 1620 r.
630 1547 746 1632 Σαβαὶ
771 1555 851 1618 infra
871 1555 1049 1618 Berenicen
1178 1587 1182 1598 ·

29 1655 256 1734 apudStrabon.
278 1659 333 1722 16.
355 1680 386 1742 p.
404 1671 488 1738 531.
511 1657 532 1722 i.
551 1673 635 1734 771.
677 1660 769 1728 Save.
795 1658 858 1729 vet,
881 1660 929 1718 uti
949 1655 1048 1718 etiarn

29 1756 134 1828 volunt,
157 1757 252 1830 sabe,
276 1761 359 1842 apud
369 1761 452 1824 Piin.
470 1761 503 1829 6.
522 1757 580 1824 96.
598 1758 618 1822 i.
637 1773 695 1840 93.
723 1761 762 1822 de
778 1759 894 1842 quibus
908 1759 1049 1840 disputat

29 1855 133 1922 Salmas.
163 1861 203 1922 ad
234 1861 339 1926 Solin.
360 1877 418 1943 33.
439 1859 461 1925 i.
479 1861 538 1940 36.
559 1883 590 1944 p.
613 1883 657 1925 m.
682 1875 765 1942 349.
807 1863 854 1922 uti
885 1861 981 1924 etiam
1007 1857 1048 1919 de

29 1957 127 2022 diversa
143 1963 373 2028 terminatione
387 1963 563 2026 Bochortuu
579 1965 611 2024 in
627 1964 745 2047 Pheieg
761 1977 792 2033 9.
810 1960 866 2026 96.
907 1961 1048 2040 Uterque

30 2063 143 2123 eaodem
161 2063 321 2146 Stephani
344 2079 434 2149 putat
455 2055 569 2139 Zolioi
591 2079 624 2126 et
645 2057 771 2140 Σαβὼ.
805 2077 935 2146 propter
959 2061 1048 2125 idem

29 2163 128 2242 gentile
147 2167 224 2228 inde
244 2167 396 2239 ductum,
430 2167 590 2228 renitente
610 2178 717 2228 tamen
735 2165 899 2228 Holdeoio
914 2165 949 2226 in
962 2161 1049 2226 notia

29 2279 53 2341 p.
68 2277 144 2342 977.
181 2264 291 2343 Σαβά
314 2263 409 2344 πόλις
429 2263 596 2346 βασίλειος
616 2289 646 2330 r.
665 2263 844 2342 Αἰθιοπίας,
869 2285 964 2348 qoam
980 2260 1050 2346 post

30 2359 144 2430 Meroen
166 2388 183 2430 a
206 2367 314 2433 sorore
337 2371 507 2453 adpellavit
531 2368 710 2448 Cambyses.
737 2378 1049 2430 commemoraturs

30 2463 144 2549 loiepho
166 2473 290 2552 antiqu.
308 2472 379 2536 lud.
397 2488 430 2545 9,
449 2488 505 2541 10,
524 2487 556 2535 9.
586 2471 641 2533 ubi
658 2471 698 2532 de
716 2468 863 2552 scriptura
877 2469 962 2530 varia
974 2467 1050 2529 Ber·

30 2569 135 2634 nardus.
177 2573 253 2636 Vid.
281 2587 406 2644 tamen.
438 2589 517 2656 quae
542 2585 651 2636 eontra
678 2584 791 2634 monet
813 2570 989 2632 Bochartne
1014 2566 1051 2627 in

31 2665 129 2757 Phaieg
147 2689 180 2745 9,
198 2675 261 2738 96.
312 2677 354 2737 dt
372 2674 442 2736 sunt
462 2689 618 2756 praeterea
636 2675 711 2746 alia,
743 2693 822 2755 quae
842 2674 875 2733 in
898 2673 1051 2753 diccepta-

31 2769 134 2834 tionem
155 2789 332 2838 venerunt.
371 2778 418 2838 lta
434 2797 552 2858 nempe
566 2777 713 2838 Saimasm
729 2795 755 2836 c.
773 2776 794 2835 l.
815 2773 893 2836 Saba
912 2773 1050 2834 aliorum

33 2883 57 2930 tt
74 2873 197 2939 Sabatha
222 2877 322 2938 Plinii
338 2875 370 2948 6.
394 2891 451 2958 39.
473 2876 493 2940 i.
516 2889 573 2953 98.
598 2877 709 2938 eadem
730 2875 804 2937 urbs
826 2873 886 2936 elie
910 2874 1047 2940 videtur,

32 2975 99 3050 quod
114 2979 185 3042 aliae
200 2979 329 3041 Plinius
344 2979 455 3042 urbem
478 2975 741 3061 praetermififfet‚
769 2977 855 3036 unde
876 2977 937 3036 toti
960 2971 1049 3058 genti

31 3092 130 3140 nomen
157 3081 359 3165 impolitum.
422 3081 521 3141 Addit
546 3091 578 3140 et
605 3079 680 3149 alia,
717 3077 832 3159 quibus
859 3075 1049 3156 opinionem

34 3170 267 3253 [damnabilia.
301 3183 355 3243 etii
380 3183 581 3244 Ptolemaeus
600 3181 633 3252 6,
652 3193 685 3254 7.
710 3181 850 3258 (inquo
875 3166 1048 3252 Xooiia'ssc

32 3278 74 3337 ret
85 3299 119 3342 ex
133 3284 216 3349 Cod.
235 3285 333 3347 Palat.
348 3277 535 3360 xancton)
552 3291 716 3362 utramque
731 3279 904 3362 distinguit,
926 3289 958 3338 et
975 3273 1049 3335 fitue

32 3380 174 3466 utriunque
208 3383 245 3446 io
277 3385 458 3448 auctoribue
481 3385 589 3446 minue
611 3383 739 3446 addicit.
795 3379 881 3442 Hinc
906 3395 984 3442 vero
1010 3373 1049 3438 eb

34 3479 138 3548 Avieno
158 3509 191 3550 v.
218 3503 326 3564 1137.
360 3483 524 3548 subactas
554 3503 613 3566 pro
643 3481 773 3544 Sabaeis
807 3482 908 3544 dietoe
933 3475 1049 3541 censet.

34 3579 111 3647 Certe
132 3588 166 3651 in
186 3593 305 3652 eodem
327 3607 412 3648 nexu
430 3583 562 3665 Dionys.
577 3607 608 3649 v.
627 3595 711 3665 959.
729 3593 961 3646 commemorat
981 3573 1051 3640 Σοὶ·

33 3678 103 3758 flat,
136 3711 217 3771 quoe
238 3689 421 3753 Eustathine
442 3689 574 3770 explicat
596 3687 634 3748 ab
653 3687 721 3748 aliie
739 3686 841 3746 dietoe
862 3677 1049 3760 Σαβαίους.
1095 3673 1101 3682 ’

34 3783 119 3850 tatae
130 3793 225 3854 etiam
241 3793 284 3854 est
300 3793 333 3853 in
346 3787 503 3852 Prisciano
520 3810 550 3850 v.
564 3801 646 3868 339.
673 3787 820 3850 Salmafio
834 3787 870 3846 ad
889 3787 1051 3847 Avienum

33 3887 184 3954 adsentitur
201 3893 403 3958 Schraderue.
454 3893 540 3952 Tum
559 3887 704 3950 Sabatha
725 3901 758 3950 et
775 3885 916 3950 sabottm
939 3905 979 3946 an
1002 3897 1051 3942 ea·

35 3987 96 4052 dem
112 3995 142 4055 srt
160 3997 251 4065 urbe,
277 3994 479 4075 diequiritur‚
501 3989 736 4073 quodquidem
754 4001 868 4072 putant
883 3983 1051 4051 Salmasrus

34 4108 55 4150 c.
71 4093 90 4156 Ι.
110 4110 141 4156 et
159 4098 341 4184 Hartiuinpe
357 4095 394 4156 ad
419 4093 502 4156 Ptin.
524 4091 557 4163 6.
580 4103 638 4170 39.
656 4087 677 4152 f.
697 4100 756 4165 98.
793 4099 849 4161 ld,
868 4103 926 4170 39.
951 4085 973 4151 i.
995 4095 1053 4166 14.

36 4193 81 4256 etii
101 4197 231 4264 diversae
254 4197 329 4263 iacit
351 4194 494 4268 Plinius,
527 4211 588 4258 nec
613 4191 769 4256 librorum
792 4193 887 4256 lectio
911 4205 965 4263 12,
992 4203 1051 4270 30.
