2748 4906
283 435 325 500 aa
553 423 714 484 ttoaaa
751 423 1056 482 axuoaarcaa

282 602 361 684 lapia
376 599 485 684 potino
501 599 651 682 pertinet.
688 596 757 660 Nec
776 599 815 660 de
830 595 991 680 lapidibus
1011 597 1153 683 pretiolia
1170 595 1367 658 tnttrtarm

284 705 397 767 Florem
416 703 450 764 in
465 699 584 784 Elparla
600 699 733 785 sagrada
751 701 791 762 T.
808 711 842 777 5.
858 721 890 782 p.
908 713 967 780 59.

414 944 417 950 ‚
449 906 479 983 §.
507 918 541 980 7.
592 919 694 985 quoe
727 893 930 994 recessit)
989 901 1117 964 Deolirl
1149 898 1272 962 scilicet
1300 901 1368 962 in

283 1020 393 1072 ortum
409 1007 510 1066 litore.
549 1003 633 1066 Nam
648 1003 671 1064 sr
687 1005 726 1063 ad
743 1003 893 1066 Cunenm
912 1004 1055 1087 relpicia,
1075 1016 1140 1065 tota
1155 1004 1285 1083 reliqna
1303 1005 1365 1062 in

283 1121 393 1171 arcton
414 1119 557 1189 porrecta
578 1125 647 1174 ora.
682 1103 790 1166 seusun
816 1124 934 1168 oceano
957 1107 1058 1175 cedit,
1092 1107 1188 1185 inquo
1218 1117 1364 1165 ortum

284 1209 358 1272 lolia
376 1208 583 1271 contrahitur.
614 1206 744 1267 Flexum
759 1219 865 1268 autem
884 1227 958 1270 eurn
976 1207 1135 1289 intelligit.
1161 1207 1218 1286 qni
1244 1207 1362 1266 inter

283 1311 441 1396 Magnum
456 1309 657 1373 etCelricum
673 1311 929 1390 promontorium
946 1307 988 1399 [s.
1006 1302 1164 1395 Nerium]
1184 1305 1359 1370 interest.

283 1430 472 1477 vantram.

361 1611 537 1678 Turduli
561 1609 749 1696 uetaret)
799 1613 872 1678 vtd.
897 1611 985 1697 supra
1007 1613 1046 1675 ad
1068 1615 1098 1692 §.
1125 1625 1158 1694 5.

359 1817 404 1881 M
410 1816 516 1880 unda
524 1816 543 1900 )
592 1817 645 1879 Sic
667 1809 825 1900 (lllo'vdo)
845 1817 982 1880 Ptolem.
1001 1833 1034 1887 a.
1052 1829 1086 1895 5.
1115 1830 1147 1879 ot
1169 1813 1347 1878 Marciam.

283 1921 408 1984 Heracl.
427 1939 459 2002 p.
475 1929 536 1998 43.
555 1916 653 1980 lludl.
681 1919 877 1997 Strabonis.
894 1940 925 2000 p.
942 1917 1057 1997 105.t.
1077 1931 1157 1998 155.
1174 1917 1219 1980 eli
1238 1917 1352 1980 Μου-

284 2015 414 2096 λιᾶὃας,
437 2019 492 2081 ubi
518 2034 623 2081 tamen
641 2014 796 2097 lllloo'ador
817 2021 905 2082 malit
929 2020 1142 2084 Calaubonua.
1184 2016 1277 2084 Plln.
1301 2026 1346 2102 4.

287 2136 346 2201 35.
363 2119 383 2182 l.
403 2137 461 2184 22.
484 2118 525 2181 ob
541 2121 649 2182 Durio
669 2121 775 2202 Tagus
794 2123 1016 2185 interveniente
1032 2120 1172 2185 Mundo.
1208 2123 1237 2183 Δ
1255 2138 1347 2204 pro·

223 2297 227 2308 ⁴
283 2224 449 2288 montorio
465 2223 578 2285 Solone
600 2223 638 2283 ad
656 2223 726 2284 eiua
748 2223 822 2284 ollia
840 2225 987 2285 Marcion.
1002 2243 1028 2286 c.
1046 2225 1067 2286 l.
1087 2238 1235 2284 numerat
1256 2238 1340 2286 120

283 2327 324 2388 ad
347 2339 413 2402 150
433 2324 534 2386 liadia.
580 2324 622 2386 H.
643 2323 817 2404 Mondego.
866 2326 938 2385 Vid.
964 2327 1003 2386 de
1023 2345 1061 2388 eo
1087 2323 1270 2388 lielendina
1298 2325 1341 2386 iu

284 2433 406 2508 antiqu.
424 2424 522 2488 Lul'rt.
545 2424 600 2488 lib.
617 2441 650 2487 a.
666 2445 736 2509 pag.
756 2441 800 2498 70
819 2424 881 2506 lqn.
935 2427 1034 2509 Quod
1050 2446 1127 2487 vero
1145 2425 1231 2486 Mela
1248 2427 1341 2487 dicit

284 2529 326 2590 do
350 2529 429 2590 ultio
451 2529 520 2588 eius
540 2541 573 2588 at
597 2527 707 2597 nuni,
741 2528 767 2588 1.
792 2527 974 2589 Gronovius
998 2529 1030 2587 in
1052 2529 1138 2588 notia
1161 2527 1274 2590 Mssr.
1302 2547 1337 2590 ι.

286 2627 489 2692 difficultates
511 2629 596 2689 vidit
622 2641 655 2689 et
677 2629 804 2690 notavit
829 2629 879 2690 hia
901 2630 1023 2690 verbis:
1062 2631 1221 2691 Ultimum
1253 2647 1341 2711 pro·

284 2734 485 2793 montorium
509 2749 576 2791 non
606 2729 707 2812 potest
736 2731 821 2790 aliud
846 2733 997 2814 intelligi.
1029 2751 1125 2812 quam
1140 2730 1338 2830 slillagnum.

285 2833 349 2896 Sed
382 2829 526 2915 prolecto
554 2835 624 2893 aina
657 2830 883 2894 vehementem
915 2831 1340 2913 latitudinorn'lupponero

286 2934 382 2997 debet
401 2933 500 3002 Melo,
524 2933 545 2992 fi
566 2935 603 2992 ad
619 2933 762 2994 medium
783 2935 851 2995 eiua
867 2936 947 2994 latua
968 2950 1065 3016 ponat
1082 2934 1261 3012 Mundam,
1291 2934 1341 2994 ad

285 3037 383 3098 finem
402 3037 470 3096 eiua
486 3035 636 3103 Durium.
663 3053 758 3115 quam
775 3034 1019 3118 descriptionem
1036 3055 1074 3096 ex
1089 3037 1211 3117 mappis
1224 3053 1338 3096 nemo

286 3153 370 3200 certe
387 3136 552 3219 intelligat.
590 3136 676 3196 Haec
695 3136 759 3199 ille.
802 3139 940 3206 Accedit,
967 3138 1051 3218 quod
1069 3139 1151 3198 inter
1166 3137 1339 3198 Mundam

285 3253 319 3302 ot
345 3239 482 3300 Durium
510 3238 711 3300 interfluebat
741 3238 821 3299 aliua
843 3238 961 3300 liuviua
989 3239 1104 3309 Vacua.
1137 3239 1183 3298 uti
1206 3239 1339 3298 docent

285 3341 425 3404 Ptolem.
446 3356 479 3410 α,
497 3350 530 3416 5.
554 3355 586 3400 et
599 3343 632 3400 in
646 3341 758 3420 primia
769 3339 921 3402 Marcion.
939 3361 964 3401 c.
982 3340 1002 3401 l.
1029 3341 1217 3400 ubidicitur
1235 3327 1339 3403 Οὔα-

289 3433 406 3523 κούας,
432 3462 505 3502 cum
523 3431 654 3515 Olru'rtor
676 3441 710 3501 srt
733 3444 767 3501 in
784 3442 980 3503 Ptolemaeo.
1031 3444 1057 3503 Δ
1081 3443 1193 3505 Selene
1214 3452 1337 3502 autem

288 3545 512 3626 promontorio
536 3544 575 3603 ad
604 3545 722 3602 Vacum
746 3541 928 3606 Marcianus
954 3558 1100 3604 numerat
1121 3543 1213 3605 liadia
1239 3553 1336 3620 530.

288 3647 311 3707 i.
326 3664 354 3708 e.
377 3661 417 3718 ¹7
444 3646 567 3706 circiter
586 3645 717 3706 miliaria
732 3643 929 3708 Germanica.
981 3647 1106 3728 Quanta
1123 3646 1221 3728 igitur
1240 3645 1336 3706 illino

289 3747 503 3829 promontorii
518 3747 556 3806 ad
572 3746 707 3806 Durium
722 3746 856 3807 ulterius
872 3747 1024 3808 liuentem
1037 3745 1194 3809 extenliol
1233 3746 1333 3827 Quae

291 3861 327 3907 ut
359 3848 584 3928 expediantur,
626 3849 883 3928 promontorium
918 3849 1001 3908 Mela
1035 3850 1073 3909 ad
1107 3850 1197 3908 illum
1224 3865 1337 3926 usquo

290 3962 424 4011 tractum
440 3945 576 4029 profert,
602 3949 687 4012 unde
704 3969 743 4011 ex
763 3950 857 4032 plano
872 3963 905 4012 et
924 3970 1024 4029 aequo
1048 3951 1208 4030 paullatim
1224 3947 1334 4008 adsur-

289 4052 349 4138 git.
378 4067 579 4114 raacrtvcrnt.
631 4050 716 4112 Nam
745 4053 907 4132 utrimque
932 4051 1078 4112 lateribus
1108 4051 1334 4132 promontoria

289 4153 521 4239 expanduntur.
589 4153 628 4214 ln
660 4153 800 4217 mediam
832 4173 907 4241 ergo
940 4173 1029 4218 oram
1063 4151 1333 4238 leptemtrionalia
