2650 4896
144 445 367 504 rnoottr.
395 430 504 504 nur.
545 447 655 505 unt
697 445 804 512 nrt.
845 444 925 520 ιγ.
995 457 1059 526 ιη

23 623 84 692 pire
104 620 196 702 ponit
216 621 338 705 procul
358 641 376 683 a
397 615 562 684 Bomffieo
583 621 678 684 litore
693 641 725 704 p.
743 638 802 702 90.
826 633 860 684 et
881 619 921 705 ari
938 622 1059 684 calcem

24 723 180 788 Sthioezer
201 741 235 803 p.
259 737 346 798 117.
371 736 403 785 et
419 743 499 806 quot
519 723 659 786 lartdtnt.
697 723 780 785 Aliae
804 735 825 802 3
845 723 941 788 hebet
961 725 1061 786 etiam

24 829 52 887 iu
66 823 123 884 hoc
140 822 198 884 litu
215 823 341 909 Geogr.
359 825 528 890 Ravennae
542 836 575 903 5,
597 839 656 904 3ο.
678 823 972 915 Nordostrooltom.
994 825 1061 886 Eu·

21 925 204 1018 struthiam,
231 925 421 998 Emanium,
452 946 532 1008 quae
552 924 745 1019 Eujlrutltr'o
769 925 868 988 Plinii
887 923 1061 1018 Artslrovia

25 1027 151 1088 ridetur.
177 1025 257 1088 Vid.
277 1027 328 1088 ibi
345 1027 528 1091 Porcberou
549 1041 582 1090 et
596 1027 766 1090 Sthloezer
780 1045 806 1090 c.
821 1027 844 1090 1.
894 1026 1001 1110 Atque
1025 1027 1060 1090 iu

25 1131 56 1196 lie
83 1125 214 1188 fuerunt
249 1126 442 1190 Haemodae
474 1129 613 1192 auctorit
642 1127 756 1198 nostri,
789 1129 935 1210 quemvis
960 1145 1060 1218 nemo

25 1230 142 1299 dixerit,
164 1247 249 1312 quae
268 1249 349 1292 vere
367 1231 435 1294 ient.
473 1231 512 1291 ln
530 1230 624 1293 rebue
643 1229 770 1292 incertis
787 1227 855 1291 satie
868 1227 912 1291 est
927 1230 1061 1292 remotio

24 1329 169 1394 erroribus
191 1329 232 1390 ad
258 1351 379 1394 verum
393 1331 554 1394 adcedere.
606 1331 650 1393 Et
665 1330 706 1392 stc
720 1350 819 1414 prope
839 1331 915 1393 lituo
931 1331 1062 1393 ducatu·

26 1428 259 1500 Sthlesviceufie
290 1433 355 1494 itm
388 1453 404 1496 a
431 1434 558 1495 Dietzio
590 1432 706 1515 positae
739 1433 774 1494 in
799 1433 1062 1516 interpretatione

26 1531 117 1593 nene
143 1531 343 1598 Germanica
366 1553 396 1617 p.
415 1546 474 1612 55.
493 1533 513 1596 l.
539 1534 625 1603 vidi,
651 1533 705 1593 etsi
729 1553 803 1599 eum
829 1533 996 1618 impugnat
1012 1530 1064 1594 vit

27 1634 124 1694 tortus
147 1633 183 1694 in
208 1633 473 1720 Philologiichen
495 1635 580 1700 Bibl.
604 1634 781 1720 Gottingeu
810 1645 916 1712 1775,
940 1633 1009 1697 Vol.
1029 1645 1063 1714 3.

27 1753 86 1816 pag.
103 1747 144 1808 31
158 1755 188 1797 ι.
214 1749 250 1800 et
267 1736 477 1820 Schoeningii
493 1735 680 1800 sententium
695 1735 746 1799 hie
764 1734 921 1798 suffulcire
943 1734 1063 1800 lludett

29 1831 134 1896 lnlulae
155 1835 231 1898 illue
252 1839 352 1900 etiam
368 1856 454 1898 nuuc
468 1835 623 1900 Hebrides
638 1851 813 1910 vocentur,
836 1837 923 1919 quod
940 1854 1064 1899 nomen

30 1953 62 1996 ex
83 1933 235 1999 Hebudes
274 1956 335 2022 per
363 1939 565 2001 librariorum
599 1940 840 2021 corruptionem
875 1949 982 2000 ortum
1007 1935 1062 2006 est.

31 2035 223 2099 Ptolemaeus
253 2059 362 2102 earum
391 2060 488 2100 unam
513 2055 607 2102 votet
629 2038 800 2120 Epidium‚
834 2037 921 2122 qnod
942 2055 1065 2106 nomen

33 2134 176 2205 lttvttttm
194 2139 241 2202 est
258 2143 295 2204 in
311 2139 410 2211 iululr
426 2141 527 2214 Bate,
548 2139 581 2202 iu
597 2141 704 2228 lingua
721 2141 838 2205 Gallica
854 2140 907 2224 Ey
919 2137 1039 2205 Bhoicl.

96 2337 489 2427 Scandinovio)
538 2344 645 2407 Plinio
668 2343 727 2414 eil,
761 2343 965 2426 quodoretio
989 2359 1067 2405 eunt

34 2435 135 2501 Nolito
151 2461 299 2530 congrua
316 2447 418 2517 docet,
444 2456 479 2526 4,
496 2459 555 2522 27.
569 2444 589 2508 i.
607 2457 660 2526 ι3.
701 2445 929 2516 Scandianum,
953 2443 1067 2507 eadent

35 2541 118 2611 &2111
142 2544 213 2624 poll
236 2557 274 2626 4.
300 2559 357 2622 3ο.
382 2544 403 2608 s.
427 2550 481 2612 ιδ.
511 2547 615 2608 iudice
637 2545 784 2610 stimulo
802 2547 835 2608 iu
858 2564 959 2608 exero.
980 2545 1067 2609 Pliu.

38 2647 218 2724 Pan-164.
244 2661 278 2710 et
292 2661 364 2708 ante
381 2649 534 2711 Cluverio
550 2649 582 2710 in
599 2647 708 2711 Germ.
726 2658 791 2710 ent.
810 2659 841 2728 3,
861 2661 920 2726 37.
936 2667 967 2729 p.
980 2648 1066 2724 65t.

39 2753 67 2802 et
81 2743 161 2823 654.
179 2747 336 2818 Scandza,
359 2750 443 2829 quod
461 2751 601 2831 quidem.
624 2749 714 2812 libio
729 2749 826 2812 etiam
842 2748 945 2810 vtriot
961 2760 1069 2810 aucto.

40 2859 81 2901 ree
97 2841 219 2913 letutue
240 2849 293 2920 eil.
315 2848 375 2910 elie
396 2851 507 2933 puleii,
531 2852 678 2933 quemvis
699 2867 860 2912 corruente
880 2847 1016 2912 Dumna
1034 2859 1070 2910 et

41 2940 167 3024 liugos,
193 2965 282 3016 certe
303 2951 371 3021 illo,
400 2953 456 3012 litu
477 2951 616 3014 direrloe
637 2952 807 3023 videntum
840 2969 917 3016 nam
931 2947 1070 3014 Dumna

43 3040 131 3107 inlule
147 3069 164 3110 a
179 3051 321 3114 Ptolem.
339 3067 372 3122 tt,
389 3065 421 3131 3.
439 3050 460 3116 i.
483 3055 569 3116 iuxta
591 3051 721 3116 Orcada
736 3051 995 3136 promontorium
1012 3067 1070 3132 po·

42 3143 135 3217 nitur,
171 3151 407 3235 Soandiumque
428 3155 522 3216 etiam
548 3153 778 3240 angustioribus
800 3153 917 3216 finibus
938 3152 1071 3213 circum·
1183 3209 1189 3220 ,

44 3239 146 3320 Ῑῑῐῑῦῖῑ,
163 3255 253 3334 quod
270 3257 439 3316 maximnm
453 3257 600 3317 omniurn
608 3255 748 3336 Nerigon
764 3253 808 3314 ibi
824 3265 928 3314 vocet.
955 3250 1071 3314 Schoe-

44 3345 113 3432 ttlttg
129 3370 156 3414 o.
175 3354 197 3416 l.
217 3375 289 3440 pag.
304 3369 363 3436 93.
385 3356 500 3418 titubet
521 3358 668 3439 quidem,
695 3351 747 3420 ied
767 3355 851 3416 idem
869 3350 933 3414 iere
948 3369 1071 3415 nomen

47 3459 136 3524 putat,
159 3455 202 3516 ita
217 3470 335 3526 temen,
361 3471 398 3518 ut
413 3454 547 3522 diversae
561 3459 708 3542 regionet
722 3456 827 3538 aliquo
841 3454 940 3516 modo
958 3452 1071 3538 fignifi-

48 3563 114 3610 (Ἀπί
138 3553 281 3624 Scaudio
304 3555 336 3620 h.
354 3557 495 3619 Scirorten
514 3556 535 3623 i.
552 3557 689 3640 Situm,
717 3569 751 3618 et
769 3554 987 3619 Scanditravia
1003 3555 1072 3618 fini·

51 3647 136 3716 tima·
161 3673 193 3718 et
220 3659 384 3722 ulterioree
408 3659 504 3721 etiam
528 3658 604 3722 inde
629 3657 791 3750 regiquee.
826 3657 899 3739 quit
931 3655 1071 3719 Ptolem.

52 3761 80 3821 2·
100 3770 151 3818 tt.
176 3772 311 3840 quotuor
334 3758 448 3822 insulae
471 3761 618 3826 scandite
640 3769 870 3821 commemoret
891 3756 1072 3819 oboriente

53 3845 227 3921 Chersoneli
252 3857 447 3930 Cimbricae,
477 3881 609 3945 quarum
631 3860 802 3922 meximam
828 3858 955 3941 proprie
977 3859 1074 3920 etiem

53 3947 214 4021 &audiam
239 3961 354 4024 dictam
376 3964 462 4024 iuxta
479 3963 613 4026 villulae
633 3959 708 4024 onia
722 3959 877 4024 conlocat.
928 3958 978 4021 lbi
1000 3979 1074 4022 cum

57 4049 217 4124 lornandee
235 4063 274 4124 de
291 4063 358 4126 reb.
375 4063 448 4128 Get.
463 4083 490 4128 o.
508 4079 540 4142 3.
561 4063 728 4126 Scantiam
749 4059 836 4124 luem
850 4061 947 4124 etiem
964 4073 1074 4144 pontt,

55 4153 157 4223 erdem
172 4161 235 4234 ine
255 4163 354 4232 dublo
372 4163 431 4239 eil,
457 4165 543 4256 quoti
557 4177 590 4232 et
606 4163 750 4234 uomiuit
767 4161 940 4228 limilitudu
957 4159 1074 4232 [meet.
