2650 4896
128 407 329 466 ΙΝΡΟΜΡ.
358 409 466 466 ΜΕΙ..
508 408 618 466 Lllt.
658 409 776 471 evit.
818 410 896 485 Μ.
968 423 1028 488 ⁸66

29 585 143 652 Bacchae
155 585 187 644 in
202 581 294 644 lndia
307 593 399 644 natna
419 597 452 646 et
471 582 547 645 inde
568 584 703 670 egrellua
723 580 830 648 luerit.
868 585 1031 652 nemausa

29 703 111 750 tamen
129 685 200 746 inde
227 685 381 748 memoria
402 685 487 767 apud
516 699 626 767 poetar
653 687 688 746 in
710 685 829 748 Bacchi
849 686 1028 759 adtributia.

29 791 68 850 etli
88 784 237 848 Diodorna
257 787 382 849 Siculna
409 807 438 857 r.
466 804 522 866 19.
552 785 633 850 forte
655 789 729 868 qnia
752 787 856 849 Osirin
878 789 1027 860 eundem.

30 909 101 971 qnam
111 888 278 958 Bacchum,
296 899 431 969 putaret,
451 901 487 949 nt
507 909 547 950 ex
562 891 799 971 comparatione
813 909 920 951 rerum
937 890 1029 952 intel·

28 993 126 1072 ligitur,
149 1003 179 1049 et
194 989 316 1052 Herod.
333 1005 365 1058 a,
382 999 443 1067 42.
467 987 580 1050 diserte
602 990 662 1060 ait,
688 989 805 1052 Ofiridi
819 989 906 1052 urbia
925 989 1029 1071 Nysae

28 1092 152 1174 originem
168 1089 292 1153 tribuit.
326 1089 456 1154 Nomen
473 1089 556 1170 Nyla
575 1091 648 1150 tulit
663 1103 789 1152 auctore
805 1091 930 1174 Acuphi
945 1092 1030 1175 apud

26 1193 171 1253 tutanda
188 1193 303 1272 exped.
323 1191 411 1252 dlex.
428 1192 476 1255 M.
494 1205 527 1268 5,
551 1213 579 1252 ι.
598 1211 614 1252 a
630 1189 753 1253 nutrice
768 1191 894 1254 Bacchi.
948 1195 1029 1256 lnde

26 1313 84 1354 tero
111 1290 268 1352 Bacchum
302 1287 458 1356 Androneo
489 1291 681 1378 adpellatum
714 1307 804 1354 notat
835 1294 933 1358 Diod.
964 1295 1028 1360 sic.

27 1409 50 1472 ὅ,
63 1395 111 1468 63.
147 1393 298 1456 Mentem
315 1393 411 1456 etiam
435 1413 534 1477 prope
557 1392 677 1472 Nysam
694 1395 828 1464 eodem,
858 1414 923 1475 quo
943 1393 1028 1468 nabe,

26 1496 131 1555 nomine
151 1509 241 1556 antee
266 1497 445 1557 vocitatum
470 1495 563 1557 tradit
582 1497 728 1557 Arrianae
745 1495 779 1556 in
801 1495 873 1560 lnd.
890 1497 934 1560 irt.
975 1493 1029 1560 ef.

26 1595 87 1657 Plin.
102 1607 131 1670 8,
146 1596 204 1657 60.
222 1595 242 1658 l.
262 1609 320 1675 59.
345 1596 402 1658 ubi
415 1594 527 1659 diserte
548 1597 582 1658 in
597 1587 691 1688 Nysa
707 1607 828 1668 monta,
854 1597 942 1679 quod
962 1597 1030 1679 qui·

26 1696 78 1756 dam
95 1695 305 1759 sollicitarunt.

79 1890 229 1991 clariss
228 1901 310 1962 ima
317 1897 337 1981 )
376 1899 453 1962 Non
469 1899 561 1962 aliam
576 1899 619 1962 ob
635 1897 772 1971 caulam,
796 1899 854 1962 nili
870 1900 957 1984 quod
973 1920 1031 1984 per

24 2001 233 2080 expeditionem
252 2003 421 2064 Alexandri
438 2000 534 2063 sumta
552 1999 612 2064 fuit
632 2003 748 2064 occasio
762 2003 917 2086 fingendi,
943 2003 1030 2065 unde

25 2101 147 2163 celebrata
172 2100 234 2163 luit
259 2105 293 2164 in
314 2103 439 2165 Graecia
463 2101 592 2173 fabulis,
618 2123 736 2184 quum,
760 2119 894 2184 quantae
911 2101 1032 2166 fuerint

24 2201 132 2282 reliquae
157 2205 315 2266 indorum
341 2205 452 2274 urbas.
490 2223 557 2267 non
582 2207 680 2268 modo
705 2223 772 2267 non
796 2203 887 2266 scivit
909 2217 1029 2276 auctor,

25 2299 61 2360 lad
74 2323 159 2364 nemo
175 2324 331 2386 unquam,
357 2325 417 2367 nec
433 2305 580 2378 Graecae,
601 2325 661 2368 nac
675 2306 854 2370 Romanoa.
890 2323 1032 2369 reconna

24 2417 190 2468 ercrovrva
209 2407 289 2469 Ma.

77 2605 233 2690 Meros)
284 2609 332 2672 Ad
358 2608 470 2674 nrbem
497 2607 634 2690 Nysam.
661 2622 697 2670 nt
719 2608 807 2691 lepra
829 2607 953 2672 dictum
976 2608 1030 2681 eil,

24 2723 98 2784 quem
113 2721 143 2770 et
162 2709 312 2772 adferunt
330 2711 448 2774 laudati
462 2708 527 2774 fere
543 2725 696 2774 auctorea.
751 2709 882 2773 Curtiua
898 2709 960 2773 cel.
978 2711 1033 2771 acl·

24 2805 116 2879 firmat,
140 2811 184 2870 ita
200 2811 241 2874 ab
263 2812 377 2874 incolis
400 2814 523 2883 vocari,
551 2813 590 2874 tle
611 2811 833 2894 quoctericua
854 2812 889 2872 in
910 2810 1030 2874 indicio

24 2907 52 2966 de
63 2908 163 2974 Curtio
178 2931 247 2994 cap.
265 2913 297 2975 6.
313 2917 343 2991 §.
360 2923 395 2993 4.
447 2913 609 2976 Tranalata
624 2933 660 2976 ea
673 2915 805 2975 nomina
821 2913 939 2974 Graece
960 2909 1032 2972 lunt

23 3021 77 3068 eoa
92 3011 336 3085 Macedonibus,
362 3014 415 3076 vel
435 3013 474 3074 ad
496 3015 675 3099 analogiam
692 3015 843 3078 Graecam
867 3011 981 3074 inflexa
997 3021 1031 3073 et

23 3107 51 3166 ad
67 3107 172 3176 lahnlae
186 3112 319 3178 detersa.
370 3114 510 3197 llcnphia
523 3115 608 3197 apud
621 3116 743 3179 Arrian.
756 3114 796 3176 de
811 3113 924 3196 exped.
940 3111 1030 3177 atax.

23 3205 60 3271 Μ.
73 3224 100 3288 5,
118 3234 145 3277 a.
160 3212 182 3277 f.
206 3213 247 3278 ab
267 3213 336 3298 ipso
348 3215 474 3278 Baccho
494 3233 616 3280 nomen
633 3217 814 3300 impolitum
829 3215 927 3286 dicit,
956 3215 1031 3296 qnia

22 3307 167 3378 inlemore
182 3317 274 3379 Iovia
293 3315 492 3380 succreverit.
527 3314 578 3380 Οἱ.
595 3318 732 3381 Indicor.
750 3319 795 3379 in.
848 3315 972 3379 Multos
989 3315 1031 3378 de

23 3406 68 3472 hcc
87 3430 192 3480 monte
220 3431 253 3479 et
278 3416 337 3480 hac
363 3419 432 3480 eiua
456 3417 668 3500 adpellatione
692 3419 798 3480 laudat
823 3416 968 3480 Olearine
989 3416 1031 3478 ad

22 3507 173 3580 Philostrat.
195 3521 297 3580 vitam
318 3518 481 3602 Apollonii
496 3535 529 3591 a.
547 3538 581 3600 9.
621 3521 746 3582 Hedera
762 3519 918 3600 lauroque
936 3515 1031 3580 refer·

22 3621 75 3674 torn
97 3618 331 3700 deprehendille
355 3619 566 3691 Macedonaa,
596 3635 699 3688 narrat
724 3621 812 3683 idem
837 3618 936 3702 priori
958 3620 1030 3682 loco

23 3728 72 3793 etp.
88 3733 117 3782 2.
137 3735 169 3780 et
188 3721 321 3784 Curtine
336 3739 362 3782 c.
379 3721 403 3786 l.
428 3725 513 3802 qnod
530 3723 648 3784 mirum
665 3720 767 3784 visum
791 3719 853 3792 est,
882 3739 957 3782 cum
975 3718 1030 3782 lne-

23 3811 79 3877 dera
96 3819 164 3880 alibi
179 3841 247 3884 non
262 3821 375 3886 crescat
390 3823 425 3884 in
441 3823 541 3892 India,
564 3823 638 3888 telle
655 3825 752 3886 etiam
771 3821 878 3884 Plinio
898 3822 954 3893 16,
969 3821 1030 3884 62.

22 3909 101 3996 [34.
132 3923 172 3984 H.
188 3923 293 3996 Mem‚
316 3937 354 3984 ur
371 3923 459 4006 supra
476 3925 608 3990 dictum.
642 3923 813 4006 Sequentia
829 3919 1030 4004 licexpreffit

22 4011 163 4085 Beccatiua
189 4025 228 4087 de
255 4023 421 4089 montibne
441 4024 475 4087 h.
496 4044 529 4088 v.
556 4025 666 4088 Meros
698 4045 787 4087 raons
817 4021 932 4084 Indiae
953 4024 1031 4087 Iovi

18 4105 99 4203 farer,
117 4127 201 4190 errius
215 4127 248 4192 r'rr
257 4117 359 4220 specu
377 4126 497 4194 orcam
510 4123 658 4194 liberam
672 4139 796 4210 patrem
806 4113 913 4218 fruffe
926 4125 1028 4188 nutri·
