2746 4894
179 401 232 462 rrt
257 397 395 460 rotor.
423 399 532 459 tout.
573 397 685 460 um.
726 399 761 460 c
782 399 835 460 rx.
873 399 953 472 tr.
1029 407 1099 479 επ.

47 589 158 642 totum
176 568 275 638 illum
291 587 434 640 tractum
452 587 620 638 contracta
634 569 796 636 brevitate
812 569 1010 659 intelligere,
1033 571 1094 662 qui

46 699 63 744 a
79 673 259 741 Cerauniis
276 675 409 741 saltibus
424 676 465 739 ad
479 673 748 760 promontorium
763 691 866 760 patet,
889 675 951 740 nist
967 674 1095 762 quirin

45 775 159 844 uerbis
182 801 205 842 a
221 779 386 843 Ouauniit
398 770 539 872 saltibus
561 777 690 841 causam
714 774 814 840 ineffe
834 775 934 852 velit,
964 801 1022 844 cur
1043 776 1094 842 in-

45 879 143 943 uium
165 883 211 944 fit.
262 881 311 943 Ita
327 877 419 942 enirn
436 876 538 942 etiam
552 875 593 944 ri
615 901 637 942 a
656 880 750 964 saepe
767 881 878 944 valere
896 896 1017 944 notum
1040 881 1094 948 est.

46 985 139 1048 Tum
161 1001 241 1046 vero
259 979 442 1046 Ceraunios
465 981 562 1044 saltur
588 1002 693 1067 prope
718 979 804 1044 illud
826 977 1097 1067 promontorium

45 1082 167 1176 posuit.
204 1086 311 1170 Atque
324 1084 389 1147 hoc
404 1085 464 1148 situ
477 1079 588 1168 posuit
602 1080 702 1146 etiam
711 1081 918 1164 Reynoldiuo
930 1081 966 1146 in
982 1085 1096 1150 tabula

45 1189 145 1256 saltus
160 1183 346 1272 Ceraunios
361 1185 403 1248 ad
420 1188 525 1249 finum
541 1181 728 1250 Arabicum.
765 1186 855 1248 Tum
873 1205 955 1249 vero
970 1181 1099 1276 Κεραύ-

45 1311 96 1355 rto
122 1280 183 1376 ὅρη
206 1283 348 1352 Diodori
371 1307 447 1350 curu
467 1289 577 1350 Melae
591 1284 765 1352 Cerauniis
787 1285 921 1350 saltibus
936 1285 1096 1372 componi

45 1389 102 1454 rix
117 1390 260 1475 poffunt.
312 1391 371 1454 Illa
386 1386 477 1452 enim
492 1389 627 1452 fuerunt
646 1387 682 1452 iu
699 1386 823 1470 Libya,
848 1385 908 1452 ubi
925 1391 1096 1454 Hammon

44 1490 211 1576 regnarit,
246 1487 298 1554 uti
318 1489 355 1554 in
373 1487 486 1554 vicina
504 1487 641 1574 regione
663 1489 799 1576 ponitur
819 1487 978 1579 Ἑσπέρου
1000 1489 1098 1582 κέρας

47 1617 64 1658 a
80 1591 248 1666 Diodoro,
270 1593 362 1679 quod
378 1595 420 1656 fic
436 1614 514 1656 curu
527 1590 709 1656 Ptolemaei
724 1605 761 1673 4,
778 1596 811 1657 6.
827 1589 1001 1656 notatione
1017 1613 1097 1658 con·

46 1694 156 1762 sentit
192 1697 343 1760 Fuerunt
356 1691 461 1782 igitur
473 1689 635 1794 Ceraunii
651 1693 749 1761 saltur
766 1691 840 1762 aliie
856 1691 1011 1784 ignorati,
1037 1711 1097 1763 aut

45 1812 229 1890 praetentu.

443 2133 591 2204 ΒΗ.
640 2135 706 2202 ΙΧ.

286 2319 854 2374 auratorum

145 2507 179 2593 §.
208 2531 239 2573 r.
290 2508 586 2593 Aethiopes)
627 2505 684 2574 Sic
706 2523 739 2573 et
764 2504 900 2574 Graecit
925 2507 1097 2578 dicuntur.

47 2613 276 2699 Compulitum
291 2631 412 2694 nempe
429 2609 472 2674 est
495 2613 536 2674 ab
552 2606 640 2677 aiio
662 2627 695 2675 et
717 2604 791 2700 ὅψ,
819 2628 853 2676 et
868 2615 909 2677 iic
924 2613 966 2678 de
989 2612 1098 2680 homi·

47 2713 149 2780 tribue
163 2711 304 2778 omnino
324 2709 428 2796 nigris
443 2711 553 2778 latiori
573 2713 666 2776 seusu
682 2711 821 2798 ponitur
835 2715 938 2800 [repe.
972 2717 1097 2782 Secun-

48 2817 131 2878 dum
144 2813 232 2880 Plin.
251 2816 286 2889 6,
303 2827 362 2894 35.
377 2815 402 2884 f.
418 2830 477 2893 30.
493 2813 539 2878 iu.
555 2813 708 2877 universa
724 2835 806 2900 gent
819 2819 969 2881 Aetheria
985 2819 1099 2903 adpel-

48 2923 110 2984 lata
127 2917 182 2990 est,
207 2915 524 2990 deindeAttanrtca.
544 2935 624 2978 mox
638 2914 801 2980 aVulcaui
817 2915 899 2989 filio,
920 2917 1097 3004 Aethiope,

48 3021 230 3100 Aethiopia,
252 3037 332 3106 quaa
349 3019 551 3082 Graecorum
566 3017 690 3082 fabulae
704 3033 794 3082 recte
810 3018 921 3082 censet
933 3019 1099 3085 audulfus

49 3119 83 3184 iu
108 3137 291 3185 comment.
309 3119 351 3181 ad
366 3116 446 3184 Hist.
462 3117 617 3203 Aethiop.
637 3143 667 3193 ι,
688 3135 744 3202 ι7,
765 3137 795 3182 o.
817 3142 851 3204 p.
868 3131 926 3204 54.
952 3119 1040 3201 (Fri.
1054 3121 1098 3186 ad

49 3225 164 3288 Moeu.
183 3225 289 3300 rear.
305 3220 349 3302 f.)
384 3221 432 3284 Ab
444 3219 610 3301 Hesychio
624 3221 768 3303 refertur
782 3219 883 3286 etiam
897 3219 1003 3311 'Aapia
1018 3225 1097 3302 ha.
1127 3283 1131 3310 ‚

49 3323 159 3413 qualia
181 3324 258 3388 teste
277 3319 388 3387 Gellio
409 3334 465 3403 rip,
489 3327 524 3389 6.
558 3319 642 3386 olim
661 3325 828 3408 Aegyptus
852 3320 939 3389 dicta
966 3323 1026 3401 est,
1058 3341 1098 3390 ut

48 3431 218 3512 Aegyptus
236 3421 429 3512 Aethiopia,
464 3425 555 3512 quod
586 3421 689 3488 tradit
718 3424 863 3489 Eustath.
892 3425 943 3502 ad!
958 3423 1096 3508 Dionys.

49 3552 79 3594 v.
100 3540 187 3605 ωδ.
204 3543 237 3592 et
254 3543 335 3610 259.
387 3529 452 3590 Pro
468 3523 646 3612 Aethiopia
660 3517 811 3602 Aissrorir
824 3527 865 3612 γῆ
884 3523 921 3592 iu
942 3523 1096 3594 Archelai

49 3636 146 3703 ioco,
183 3651 284 3717 quem
305 3627 407 3692 refert
432 3629 617 3715 Stephanus
642 3627 664 3693 f.
688 3651 720 3694 v.
744 3627 886 3716 Αἰθίοψ.
937 3626 994 3693 Sic
1014 3649 1097 3692 vero

48 3731 153 3798 etiam
169 3729 337 3818 prosaicus
353 3745 468 3794 auctor
481 3727 608 3798 Aelian.
629 3729 672 3794 H.
690 3733 729 3796 A.
748 3748 779 3802 a,
797 3749 854 3794 cr.
869 3727 916 3794 in.
955 3731 1015 3815 ipsi
1035 3733 1095 3794 Ae-

49 3833 184 3920 thiopee
200 3849 234 3898 et
251 3849 401 3897 auctores
417 3829 553 3919 quidam
569 3829 698 3918 generis
712 3829 1096 3920 antiquitatemiactont,

49 3953 84 4001 et
99 3957 120 4000 a
135 3937 265 4001 Chamo
287 3933 453 4021 originem
474 3934 621 4008 ducunt,
644 3931 696 3997 uti
717 3933 806 3998 solet.
859 3935 950 4019 Quae
969 3933 1097 4003 fabulae

49 4037 109 4127 qui
125 4037 322 4123 cognoscere
336 4034 429 4113 velit,
446 4037 543 4101 adeat
556 4032 655 4101 etiam
663 4037 756 4100 Lobo
770 4055 896 4122 voyage
906 4033 1098 4102 d'Abiffinie

49 4147 129 4225 (fl.)
147 4141 189 4206 Τ.
213 4163 243 4206 ι.
268 4161 302 4228 p.
321 4155 368 4224 79
385 4139 454 4229 sqq.
498 4139 552 4208 Cf.
575 4138 617 4208 de
639 4133 794 4226 Porigiue
817 4151 851 4204 et
869 4133 1096 4206 l'ancieuueti
