2650 4896
257 413 317 484 ¹90
523 396 684 456 Noctu
723 392 1027 454 nxeccrtctu

261 573 375 645 octta,·
407 571 440 634 iu
461 570 601 635 Ptolem.
619 571 652 640 6.
673 585 706 644 7.
731 567 834 632 Oceb‘s
861 571 938 652 (per
957 573 997 657 ty)
1024 567 1220 651 emporium.
1262 567 1308 626 In

260 675 369 742 Plinio
386 675 419 745 6.
438 673 496 737 96.
517 671 537 735 s.
555 686 614 752 95.
636 671 679 734 est
702 671 824 743 Oculis,
856 669 909 734 sed
929 687 982 740 ι9.
999 681 1058 748 49.
1075 667 1097 732 s.
1115 687 1171 749 19.
1192 667 1308 739 0ch

261 776 319 839 ubi
334 775 451 837 dicitur
464 786 577 858 portue
589 773 829 836 Gebttnitarum.
855 773 902 834 lta
916 774 1034 834 Arriau.
1052 792 1084 853 p.
1101 781 1155 850 14.
1172 767 1307 849 (Huds.

261 897 317 962 per
332 881 371 962 tt)
394 895 462 940 non
479 889 542 936 tam
559 877 686 946 vicum,
711 893 806 956 quem
822 887 950 956 portum
966 889 999 936 et
1015 873 1219 956 aquationem
1237 869 1308 934 effe

262 979 416 1041 edfirmat.
468 977 572 1040 Habet
586 978 681 1038 otiam
699 973 744 1040 60
763 975 854 1038 stadia
870 975 1018 1037 Arrianus
1033 995 1065 1057 p.
1081 983 1135 1051 14.
1149 968 1307 1056 (Huds.)

263 1079 314 1142 sed
330 1078 483 1164 angustiae
499 1079 567 1140 iliae
580 1079 672 1160 ponit
687 1079 772 1138 iuxta
787 1076 946 1138 Avaiitem
959 1091 992 1138 et
1006 1077 1129 1146 Oceiin,
1152 1075 1200 1134 uti
1214 1095 1252 1155 p.
1266 1085 1305 1149 5.

263 1181 348 1262 quod
371 1199 482 1262 parum
503 1176 610 1242 refert.
671 1179 750 1240 inde
773 1179 913 1259 corrupti
936 1180 1088 1240 videntur
1110 1177 1239 1237 numeri
1267 1175 1306 1233 in

261 1282 410 1344 Diodoro
434 1282 495 1342 Sic.
520 1294 552 1358 5,
577 1288 636 1358 58.
668 1279 723 1360 qui
743 1279 944 1342 latitudinem
966 1292 999 1342 et
1018 1278 1087 1340 ostii
1107 1291 1140 1340 et
1160 1276 1306 1338 receiiut

262 1381 338 1446 iecit
364 1378 406 1448 16
429 1380 609 1444 stadiorum.
661 1381 759 1463 Quod
787 1379 878 1442 Lobo
904 1381 939 1441 in
964 1399 1086 1464 voyage
1109 1373 1307 1440 d’dbiffinie

262 1486 302 1546 T.
324 1502 355 1548 t.
378 1505 411 1568 p.
428 1482 580 1564 lpt.·(ed.
597 1485 651 1559 8.)
680 1481 781 1542 sinum
805 1480 974 1543 Arabicum
1004 1482 1143 1564 incipere
1169 1478 1308 1562 proprie

262 1587 306 1648 eit
329 1603 346 1646 9
369 1585 600 1666 promontoriis
624 1573 791 1672 Gurdufut'
809 1595 842 1644 et
862 1571 1036 1667 'Partaquh
1068 1598 1102 1645 et
1124 1583 1201 1642 iude
1225 1599 1307 1662 pro-

263 1685 355 1750 tendi
386 1685 426 1748 ad
457 1682 684 1746 Bubelmundei
720 1703 776 1764 per
808 1681 941 1766 spatium
976 1685 1184 1745 miliariorum
1216 1695 1305 1758 150.

262 1787 400 1868 (iieuee)
421 1800 529 1869 aperte
546 1786 579 1846 id
597 1783 749 1868 intelligit
765 1785 805 1846 de
819 1796 953 1846 externo
971 1787 1050 1846 mari
1067 1783 1089 1846 s.
1106 1797 1194 1867 parte
1209 1781 1306 1843 rubri

263 1889 368 1952 marie.
418 1889 583 1950 decontra
600 1885 639 1946 de
654 1885 720 1947 sinu
736 1886 838 1956 valet,
863 1886 949 1967 quod
966 1899 1038 1948 ante
1051 1905 1083 1968 p.
1099 1895 1158 1964 45.
1180 1882 1305 1954 scribit,

210 2059 213 2068 p
261 1989 396 2052 rubrum
419 2007 506 2050 mare
523 1988 661 2072 incipere
683 1986 722 2050 eb
745 1984 846 2050 insula
865 1985 1094 2050 Babesmandel
1114 1999 1148 2050 et
1164 1985 1243 2048 inde
1262 1985 1306 2046 ed

262 2091 341 2154 sm
361 2084 521 2174 progredi.

338 2287 560 2374 latitudo)
592 2292 639 2354 Ita
657 2291 793 2356 omuino
810 2289 912 2354 finum
928 2290 1095 2354 Arabicum
1116 2288 1305 2351 describunt

235 2465 236 2470 η
262 2406 417 2456 auctores.
451 2393 633 2456 Herodotus
652 2409 683 2465 9,
707 2411 761 2458 11.
778 2393 856 2455 dicit
872 2388 997 2482 μακρόν
1016 2415 1046 2455 κ.
1063 2386 1184 2456 στενόν.
1221 2394 1305 2475 Aga-

264 2495 427 2556 themerue
448 2513 477 2565 t,
495 2507 528 2573 5.
549 2489 659 2558 στενόν
677 2517 707 2557 κ.
726 2493 876 2583 προμήκη
893 2508 925 2556 et
940 2494 1067 2556 Orosius
1089 2513 1117 2564 r,
1136 2510 1168 2555 9.
1186 2513 1220 2574 p.
1243 2503 1303 2568 15.

263 2595 439 2673 (Haverc.)
453 2590 564 2685 smum
584 2592 678 2675 longo
699 2595 892 2690 angustoque
905 2587 997 2687 sulco
1011 2585 1110 2686 saxis
1128 2585 1304 2686 insulisque

264 2692 453 2756 creberrimo.
496 2688 652 2782 Βράχους
673 2689 820 2785 ἔμπλεων
847 2689 1023 2760 θάλασσαν
1046 2709 1140 2758 vocat
1160 2697 1303 2777 Procop.

264 2795 305 2857 de
321 2794 411 2857 Bello
434 2795 470 2860 P.
494 2814 522 2868 ι,
542 2813 598 2876 19.
637 2797 723 2861 Hinc
743 2797 840 2861 etiam
860 2796 971 2862 Strabo
988 2814 1021 2861 9.
1043 2818 1076 2881 p.
1094 2799 1154 2876 69.
1171 2794 1192 2858 i.
1217 2817 1303 2858 too.

264 2909 424 2979 comparat
445 2917 518 2959 cum
542 2896 653 2960 flutio.
705 2899 801 2960 Bidui
821 2899 1026 2983 navigatione
1042 2901 1077 2960 iu
1092 2898 1303 2960 latitudinem

264 3009 423 3060 taxaverat
437 2997 658 3062 Timosthenes
673 2997 747 3062 teste
761 3001 868 3063 Plinio
885 3002 918 3069 6.
937 3013 995 3080 55.
1014 2997 1036 3062 s.
1054 3011 1111 3078 95.
1147 3001 1189 3069 At
1205 3001 1304 3060 dimi·

265 3099 312 3162 dii
327 3097 392 3160 diei
407 3100 663 3183 navigationem,
689 3100 743 3164 vel
761 3101 817 3162 ubi
832 3097 995 3164 letiffimue
1011 3101 1062 3172 iit,
1089 3102 1182 3183 ponit
1196 3101 1304 3162 Hero·

267 3201 334 3262 dot.
353 3219 379 3262 c.
395 3201 417 3262 l.
455 3201 672 3262 Latitudinem
686 3223 703 3264 a
718 3202 873 3284 plerisque
889 3211 962 3286 475
979 3202 1027 3265 Μ.
1041 3203 1076 3264 Ρ.
1098 3201 1188 3284 prodi
1205 3199 1303 3262 subii·

267 3301 311 3362 cit
322 3299 445 3364 Pliniue
460 3303 492 3371 6.
511 3315 568 3381 55.
585 3299 607 3364 s.
622 3315 683 3380 99.
716 3303 828 3386 Neque
843 3317 950 3364 tamen
966 3321 1063 3386 aeque
1079 3303 1136 3364 lata
1151 3303 1193 3365 est
1207 3305 1304 3366 undi-

267 3419 343 3482 que.
384 3403 429 3463 lta
456 3401 568 3465 diserte
593 3403 727 3466 Diodor.
755 3405 818 3467 Sic.
836 3419 869 3484 5,
889 3415 947 3485 58.
968 3406 1062 3476 dicit,
1096 3405 1301 3468 aPanormo

268 3515 364 3586 portu
387 3503 426 3564 ad
450 3502 625 3585 obpositam
648 3507 869 3568 continentem
889 3507 985 3568 uniue
1011 3507 1076 3566 diei
1095 3507 1302 3589 navigatione

268 3603 414 3675 extendi,
441 3603 616 3666 distantiam
638 3621 743 3668 autem
767 3609 937 3668 maximam
954 3607 1013 3669 effe
1028 3607 1106 3668 circa
1121 3610 1300 3686 Tyrcaeum

268 3717 414 3768 montem
436 3719 469 3768 et
482 3705 668 3778 Maeotiam,
695 3706 752 3768 ubi
775 3721 873 3774 terrae
895 3708 1055 3792 obpositae
1075 3707 1213 3792 conspici
1234 3728 1303 3771 nou

265 3801 394 3888 poffint.

344 3999 545 4100 recessus)
594 4011 719 4076 Graecis
740 4012 782 4076 est
803 4009 931 4103 μυχός,
961 4013 1018 4074 ubi
1040 4013 1123 4076 sinuo
1143 4013 1213 4096 post
1232 4015 1300 4075 lon-

268 4129 349 4196 gum
373 4111 525 4178 interrae
548 4113 711 4180 excursum
728 4116 850 4184 desiuit.
888 4103 1059 4201 Μὺχατον
1082 4109 1184 4207 no'pov
1205 4130 1299 4180 vocat
