<?xml version="1.0" encoding="UTF-8"?>
<!DOCTYPE html PUBLIC "-//W3C//DTD XHTML 1.0 Transitional//EN"
    "http://www.w3.org/TR/xhtml1/DTD/xhtml1-transitional.dtd">
<html xmlns="http://www.w3.org/1999/xhtml" xml:lang="en" lang="en">
 <head>
  <title>
</title>
<meta http-equiv="Content-Type" content="text/html;charset=utf-8" />
  <meta name='ocr-system' content='tesseract 3.04.00' />
  <meta name='ocr-capabilities' content='ocr_page ocr_carea ocr_par ocr_line ocrx_word'/>
</head>
<body>
  <div class='ocr_page' id='page_1' title='image "./pomponiimelaede03melagoog_0053.png"; bbox 0 0 2748 4888; ppageno 0'>
   <div class='ocr_carea' id='block_1_1' title="bbox 124 437 1082 520">
    <p class='ocr_par' dir='ltr' id='par_1_1' title="bbox 1 422 1082 524">
     <span class='ocr_line' id='line_1_1' title="bbox 124 437 1082 520; baseline 0.003 -20.659"><span class='ocrx_word' id='word_1_1' title='bbox 124 437 494 502; x_wconf 70' lang='lat' dir='ltr'>mortuum.</span> <span class='ocrx_word' id='word_1_2' title='bbox 534 437 647 497; x_wconf 67' lang='lat' dir='ltr'>cru</span> <span class='ocrx_word' id='word_1_3' title='bbox 688 437 784 500; x_wconf 80' lang='lat' dir='ltr'>nrt</span> <span class='ocrx_word' id='word_1_4' title='bbox 824 439 956 514; x_wconf 66' lang='lat' dir='ltr'>cun</span> <span class='ocrx_word' id='word_1_5' title='bbox 1039 447 1082 520; x_wconf 83' lang='lat' dir='ltr'>tt</span> 
     </span>
    </p>
   </div>
   <div class='ocr_carea' id='block_1_2' title="bbox 0 611 1081 1007">
    <p class='ocr_par' dir='ltr' id='par_1_2' title="bbox 0 611 1081 1007">
     <span class='ocr_line' id='line_1_2' title="bbox 0 611 1081 708; baseline 0.005 -32"><span class='ocrx_word' id='word_1_6' title='bbox 0 663 25 708; x_wconf 64' lang='lat' dir='ltr'>t</span> <span class='ocrx_word' id='word_1_7' title='bbox 229 615 351 680; x_wconf 83' lang='lat' dir='ltr'>Martia</span> <span class='ocrx_word' id='word_1_8' title='bbox 371 635 404 696; x_wconf 85' lang='lat' dir='ltr'>p.</span> <span class='ocrx_word' id='word_1_9' title='bbox 424 624 510 694; x_wconf 78' lang='grc'><strong><em>953.</em></strong></span> <span class='ocrx_word' id='word_1_10' title='bbox 528 627 562 676; x_wconf 89' lang='lat' dir='ltr'>et</span> <span class='ocrx_word' id='word_1_11' title='bbox 579 614 665 691; x_wconf 83' lang='grc'><strong><em>976.</em></strong></span> <span class='ocrx_word' id='word_1_12' title='bbox 695 614 736 679; x_wconf 83' lang='lat' dir='ltr'>‹le</span> <span class='ocrx_word' id='word_1_13' title='bbox 755 611 981 698; x_wconf 67' lang='lat' dir='ltr'>quouis-x.</span> <span class='ocrx_word' id='word_1_14' title='bbox 1001 615 1081 696; x_wconf 83' lang='lat' dir='ltr'>Tyr.</span> 
     </span>
     <span class='ocr_line' id='line_1_3' title="bbox 34 715 1081 804; baseline 0 -22"><span class='ocrx_word' id='word_1_15' title='bbox 34 750 48 780; x_wconf 55' lang='lat' dir='ltr'>a</span> <span class='ocrx_word' id='word_1_16' title='bbox 92 719 180 795; x_wconf 78' lang='grc'>[8.</span> <span class='ocrx_word' id='word_1_17' title='bbox 200 727 238 793; x_wconf 61' lang='lat' dir='ltr'>a</span> <span class='ocrx_word' id='word_1_18' title='bbox 254 720 303 781; x_wconf 86' lang='lat' dir='ltr'>in.</span> <span class='ocrx_word' id='word_1_19' title='bbox 356 718 455 802; x_wconf 86' lang='lat' dir='ltr'>Quod</span> <span class='ocrx_word' id='word_1_20' title='bbox 485 717 622 784; x_wconf 80' lang='lat' dir='ltr'>veroin</span> <span class='ocrx_word' id='word_1_21' title='bbox 653 715 830 782; x_wconf 87' lang='lat' dir='ltr'>Pariliensu</span> <span class='ocrx_word' id='word_1_22' title='bbox 849 718 962 804; x_wconf 86' lang='lat' dir='ltr'>templi</span> <span class='ocrx_word' id='word_1_23' title='bbox 984 719 1081 803; x_wconf 86' lang='lat' dir='ltr'>cippo</span> 
     </span>
     <span class='ocr_line' id='line_1_4' title="bbox 188 815 1080 904; baseline 0.001 -20.826"><span class='ocrx_word' id='word_1_24' title='bbox 188 818 300 904; x_wconf 79' lang='lat' dir='ltr'>estigie</span> <span class='ocrx_word' id='word_1_25' title='bbox 317 821 479 902; x_wconf 84' lang='lat' dir='ltr'>adpareat.</span> <span class='ocrx_word' id='word_1_26' title='bbox 506 817 540 880; x_wconf 86' lang='lat' dir='ltr'>id</span> <span class='ocrx_word' id='word_1_27' title='bbox 553 817 746 886; x_wconf 79' lang='lat' dir='ltr'>adulationie</span> <span class='ocrx_word' id='word_1_28' title='bbox 762 815 848 884; x_wconf 88' lang='lat' dir='ltr'>causa</span> <span class='ocrx_word' id='word_1_29' title='bbox 865 819 901 882; x_wconf 89' lang='lat' dir='ltr'>in</span> <span class='ocrx_word' id='word_1_30' title='bbox 920 821 1080 884; x_wconf 84' lang='lat' dir='ltr'>honorem</span> 
     </span>
     <span class='ocr_line' id='line_1_5' title="bbox 4 917 940 1007; baseline 0.006 -26.974"><span class='ocrx_word' id='word_1_31' title='bbox 4 955 8 964; x_wconf 94' lang='grc'>-</span> <span class='ocrx_word' id='word_1_32' title='bbox 25 934 65 980; x_wconf 66' lang='lat' dir='ltr'>u·</span> <span class='ocrx_word' id='word_1_33' title='bbox 89 962 105 973; x_wconf 67' lang='lat'><em>„</em></span> <span class='ocrx_word' id='word_1_34' title='bbox 124 924 149 939; x_wconf 89' lang='grc'>·“</span> <span class='ocrx_word' id='word_1_35' title='bbox 170 919 298 985; x_wconf 75' lang='lat' dir='ltr'>saunm</span> <span class='ocrx_word' id='word_1_36' title='bbox 316 935 426 1007; x_wconf 87' lang='lat' dir='ltr'>putat,</span> <span class='ocrx_word' id='word_1_37' title='bbox 451 920 507 1002; x_wconf 87' lang='lat' dir='ltr'>qui</span> <span class='ocrx_word' id='word_1_38' title='bbox 524 918 612 984; x_wconf 81' lang='lat' dir='ltr'>hunc</span> <span class='ocrx_word' id='word_1_39' title='bbox 629 938 756 984; x_wconf 85' lang='lat' dir='ltr'>rnorem</span> <span class='ocrx_word' id='word_1_40' title='bbox 776 917 940 986; x_wconf 68' lang='lat' dir='ltr'>hliulerit.</span> 
     </span>
    </p>
   </div>
   <div class='ocr_carea' id='block_1_3' title="bbox 1 1121 1162 3950">
    <p class='ocr_par' dir='ltr' id='par_1_3' title="bbox 1 1121 1162 3950">
     <span class='ocr_line' id='line_1_6' title="bbox 183 1121 1081 1208; baseline 0.002 -22"><span class='ocrx_word' id='word_1_41' title='bbox 183 1129 219 1206; x_wconf 71' lang='grc' dir='ltr'>ς.</span> <span class='ocrx_word' id='word_1_42' title='bbox 249 1140 284 1208; x_wconf 77' lang='lat'>3.</span> <span class='ocrx_word' id='word_1_43' title='bbox 336 1121 553 1208; x_wconf 73' lang='lat' dir='ltr'><strong><em>abolitae)</em></strong></span> <span class='ocrx_word' id='word_1_44' title='bbox 602 1123 680 1186; x_wconf 78' lang='lat' dir='ltr'>vate</span> <span class='ocrx_word' id='word_1_45' title='bbox 693 1123 813 1188; x_wconf 78' lang='lat' dir='ltr'>adulari</span> <span class='ocrx_word' id='word_1_46' title='bbox 826 1123 976 1196; x_wconf 79' lang='lat' dir='ltr'>Claudio.</span> <span class='ocrx_word' id='word_1_47' title='bbox 1002 1138 1081 1188; x_wconf 81' lang='lat' dir='ltr'>tam·</span> 
     </span>
     <span class='ocr_line' id='line_1_7' title="bbox 38 1221 1081 1310; baseline -0.001 -18"><span class='ocrx_word' id='word_1_48' title='bbox 38 1250 137 1302; x_wconf 80' lang='lat' dir='ltr'>auu.</span> <span class='ocrx_word' id='word_1_49' title='bbox 159 1229 253 1310; x_wconf 82' lang='lat' dir='ltr'>qnod</span> <span class='ocrx_word' id='word_1_50' title='bbox 270 1227 393 1310; x_wconf 84' lang='lat' dir='ltr'>prioree</span> <span class='ocrx_word' id='word_1_51' title='bbox 410 1221 555 1290; x_wconf 88' lang='lat' dir='ltr'>Caesarea</span> <span class='ocrx_word' id='word_1_52' title='bbox 571 1225 741 1308; x_wconf 82' lang='lat' dir='ltr'>impetrare</span> <span class='ocrx_word' id='word_1_53' title='bbox 756 1245 823 1290; x_wconf 89' lang='lat' dir='ltr'>non</span> <span class='ocrx_word' id='word_1_54' title='bbox 838 1239 995 1309; x_wconf 85' lang='lat' dir='ltr'>poterant.</span> <span class='ocrx_word' id='word_1_55' title='bbox 1016 1225 1081 1291; x_wconf 87' lang='lat' dir='ltr'>illie</span> 
     </span>
     <span class='ocr_line' id='line_1_8' title="bbox 1 1325 1080 1406; baseline -0.004 -10"><span class='ocrx_word' id='word_1_56' title='bbox 1 1330 207 1402; x_wconf 73' lang='lat' dir='ltr'>merserit,</span> <span class='ocrx_word' id='word_1_57' title='bbox 230 1344 269 1391; x_wconf 89' lang='lat' dir='ltr'>nt</span> <span class='ocrx_word' id='word_1_58' title='bbox 285 1327 390 1391; x_wconf 77' lang='lat' dir='ltr'><strong>scribit</strong></span> <span class='ocrx_word' id='word_1_59' title='bbox 406 1327 540 1390; x_wconf 88' lang='lat' dir='ltr'>Sueton.</span> <span class='ocrx_word' id='word_1_60' title='bbox 558 1327 593 1388; x_wconf 91' lang='lat' dir='ltr'>iu</span> <span class='ocrx_word' id='word_1_61' title='bbox 615 1325 752 1391; x_wconf 86' lang='lat' dir='ltr'>Claudio</span> <span class='ocrx_word' id='word_1_62' title='bbox 772 1347 801 1392; x_wconf 92' lang='lat' dir='ltr'>c.</span> <span class='ocrx_word' id='word_1_63' title='bbox 820 1341 878 1406; x_wconf 83' lang='grc'>95.</span> <span class='ocrx_word' id='word_1_64' title='bbox 907 1347 932 1390; x_wconf 90' lang='grc' dir='ltr'>ι.</span> <span class='ocrx_word' id='word_1_65' title='bbox 949 1345 1080 1392; x_wconf 78' lang='lat' dir='ltr'>unoru-</span> 
     </span>
     <span class='ocr_line' id='line_1_9' title="bbox 2 1425 1080 1496; baseline -0.004 0"><span class='ocrx_word' id='word_1_66' title='bbox 2 1453 105 1496; x_wconf 75' lang='lat' dir='ltr'>vm</span> <span class='ocrx_word' id='word_1_67' title='bbox 119 1433 202 1496; x_wconf 74' lang='lat' dir='ltr'>MS.</span> <span class='ocrx_word' id='word_1_68' title='bbox 257 1430 399 1494; x_wconf 86' lang='lat' dir='ltr'>Mouent</span> <span class='ocrx_word' id='word_1_69' title='bbox 424 1441 532 1491; x_wconf 85' lang='lat' dir='ltr'>tamen</span> <span class='ocrx_word' id='word_1_70' title='bbox 552 1428 591 1490; x_wconf 82' lang='lat' dir='ltr'>ed</span> <span class='ocrx_word' id='word_1_71' title='bbox 613 1425 808 1494; x_wconf 80' lang='lat' dir='ltr'>Suetonium</span> <span class='ocrx_word' id='word_1_72' title='bbox 828 1429 951 1495; x_wconf 74' lang='lat' dir='ltr'>Ernesti</span> <span class='ocrx_word' id='word_1_73' title='bbox 964 1441 998 1492; x_wconf 90' lang='lat' dir='ltr'>et</span> <span class='ocrx_word' id='word_1_74' title='bbox 1012 1429 1080 1493; x_wconf 89' lang='lat' dir='ltr'>Ou-</span> 
     </span>
     <span class='ocr_line' id='line_1_10' title="bbox 8 1528 1080 1618; baseline -0.002 -22"><span class='ocrx_word' id='word_1_75' title='bbox 8 1535 190 1618; x_wconf 66' lang='lat' dir='ltr'>dendorp.</span> <span class='ocrx_word' id='word_1_76' title='bbox 216 1531 416 1594; x_wconf 82' lang='lat' dir='ltr'>abolendum</span> <span class='ocrx_word' id='word_1_77' title='bbox 438 1529 529 1592; x_wconf 84' lang='lat' dir='ltr'>ilium</span> <span class='ocrx_word' id='word_1_78' title='bbox 551 1531 651 1594; x_wconf 84' lang='lat' dir='ltr'>ritum</span> <span class='ocrx_word' id='word_1_79' title='bbox 679 1528 808 1596; x_wconf 79' lang='lat' dir='ltr'>sanxisse</span> <span class='ocrx_word' id='word_1_80' title='bbox 829 1531 1021 1600; x_wconf 85' lang='lat' dir='ltr'>Claudium.</span> <span class='ocrx_word' id='word_1_81' title='bbox 1046 1543 1080 1594; x_wconf 90' lang='lat' dir='ltr'>at</span> 
     </span>
     <span class='ocr_line' id='line_1_11' title="bbox 5 1629 1079 1714; baseline 0 -18"><span class='ocrx_word' id='word_1_82' title='bbox 5 1635 148 1700; x_wconf 71' lang='lat' dir='ltr'>frustra.</span> <span class='ocrx_word' id='word_1_83' title='bbox 178 1633 309 1696; x_wconf 76' lang='lat' dir='ltr'>Diserte</span> <span class='ocrx_word' id='word_1_84' title='bbox 326 1633 414 1696; x_wconf 87' lang='lat' dir='ltr'>enim</span> <span class='ocrx_word' id='word_1_85' title='bbox 431 1631 609 1714; x_wconf 84' lang='lat' dir='ltr'>l’rocopiua</span> <span class='ocrx_word' id='word_1_86' title='bbox 623 1633 663 1696; x_wconf 87' lang='lat' dir='ltr'>de</span> <span class='ocrx_word' id='word_1_87' title='bbox 673 1631 712 1695; x_wconf 83' lang='lat' dir='ltr'>tt.</span> <span class='ocrx_word' id='word_1_88' title='bbox 723 1631 822 1698; x_wconf 80' lang='lat' dir='ltr'>Goth.</span> <span class='ocrx_word' id='word_1_89' title='bbox 836 1649 868 1704; x_wconf 85' lang='grc'>9.</span> <span class='ocrx_word' id='word_1_90' title='bbox 880 1645 938 1710; x_wconf 81' lang='grc'>95.</span> <span class='ocrx_word' id='word_1_91' title='bbox 954 1629 1079 1696; x_wconf 72' lang='lat' dir='ltr'>scribite</span> 
     </span>
     <span class='ocr_line' id='line_1_12' title="bbox 10 1717 1082 1825; baseline -0.006 -23"><span class='ocrx_word' id='word_1_92' title='bbox 10 1737 59 1803; x_wconf 78' lang='lat' dir='ltr'>ot</span> <span class='ocrx_word' id='word_1_93' title='bbox 72 1733 263 1825; x_wconf 68' lang='grc' dir='ltr'>βάρβαροι</span> <span class='ocrx_word' id='word_1_94' title='bbox 279 1717 371 1798; x_wconf 75' lang='grc' dir='ltr'><strong>οὗτοι</strong></span> <span class='ocrx_word' id='word_1_95' title='bbox 386 1726 572 1822; x_wconf 74' lang='grc' dir='ltr'><strong>Χριστιανοὶ</strong></span> <span class='ocrx_word' id='word_1_96' title='bbox 587 1727 762 1818; x_wconf 74' lang='grc' dir='ltr'><strong><em>γεγονότες</em></strong></span> <span class='ocrx_word' id='word_1_97' title='bbox 777 1761 827 1784; x_wconf 90' lang='lat'>-·</span> <span class='ocrx_word' id='word_1_98' title='bbox 844 1729 974 1811; x_wconf 70' lang='grc' dir='ltr'>θυσίαις</span> <span class='ocrx_word' id='word_1_99' title='bbox 991 1726 1082 1822; x_wconf 67' lang='lat' dir='ltr'>xple-</span> 
     </span>
     <span class='ocr_line' id='line_1_13' title="bbox 7 1831 1080 1932; baseline -0.004 -28"><span class='ocrx_word' id='word_1_100' title='bbox 7 1860 113 1932; x_wconf 72' lang='grc' dir='ltr'><strong>μενοι</strong></span> <span class='ocrx_word' id='word_1_101' title='bbox 135 1831 341 1925; x_wconf 68' lang='grc' dir='ltr'><strong><em>ἀνθρὼπων.</em></strong></span> <span class='ocrx_word' id='word_1_102' title='bbox 380 1833 432 1899; x_wconf 91' lang='lat' dir='ltr'>Cs.</span> <span class='ocrx_word' id='word_1_103' title='bbox 448 1832 563 1898; x_wconf 88' lang='lat' dir='ltr'>Euseb.</span> <span class='ocrx_word' id='word_1_104' title='bbox 578 1835 619 1899; x_wconf 82' lang='lat' dir='ltr'>tle</span> <span class='ocrx_word' id='word_1_105' title='bbox 639 1848 811 1918; x_wconf 88' lang='lat' dir='ltr'>praeparat.</span> <span class='ocrx_word' id='word_1_106' title='bbox 826 1835 951 1920; x_wconf 80' lang='lat' dir='ltr'>Evang.</span> <span class='ocrx_word' id='word_1_107' title='bbox 965 1845 1001 1914; x_wconf 82' lang='grc'>4.</span> <span class='ocrx_word' id='word_1_108' title='bbox 1023 1849 1080 1910; x_wconf 83' lang='lat' dir='ltr'>t&#39;7.</span> 
     </span>
     <span class='ocr_line' id='line_1_14' title="bbox 10 1935 1079 2025; baseline -0.004 -21"><span class='ocrx_word' id='word_1_109' title='bbox 10 1943 150 2025; x_wconf 84' lang='lat' dir='ltr'>Lipsiua</span> <span class='ocrx_word' id='word_1_110' title='bbox 162 1941 206 2002; x_wconf 87' lang='lat' dir='ltr'>ad</span> <span class='ocrx_word' id='word_1_111' title='bbox 227 1939 334 2000; x_wconf 81' lang='lat' dir='ltr'>Tacit.</span> <span class='ocrx_word' id='word_1_112' title='bbox 349 1938 389 2000; x_wconf 86' lang='lat' dir='ltr'>rlc</span> <span class='ocrx_word' id='word_1_113' title='bbox 405 1936 514 1999; x_wconf 83' lang='lat' dir='ltr'>Germ.</span> <span class='ocrx_word' id='word_1_114' title='bbox 535 1956 563 1999; x_wconf 90' lang='lat' dir='ltr'>c.</span> <span class='ocrx_word' id='word_1_115' title='bbox 583 1953 618 2017; x_wconf 88' lang='lat'>9.</span> <span class='ocrx_word' id='word_1_116' title='bbox 646 1936 673 2001; x_wconf 86' lang='grc' dir='ltr'><strong>Δ</strong></span> <span class='ocrx_word' id='word_1_117' title='bbox 689 1935 823 2000; x_wconf 85' lang='lat' dir='ltr'>Tiberio</span> <span class='ocrx_word' id='word_1_118' title='bbox 838 1950 946 2000; x_wconf 89' lang='lat' dir='ltr'>taruen</span> <span class='ocrx_word' id='word_1_119' title='bbox 961 1935 1079 2000; x_wconf 88' lang='lat' dir='ltr'>sublata</span> 
     </span>
     <span class='ocr_line' id='line_1_15' title="bbox 9 2035 1079 2122; baseline -0.006 -16"><span class='ocrx_word' id='word_1_120' title='bbox 9 2041 112 2106; x_wconf 61' lang='lat' dir='ltr'>§risse</span> <span class='ocrx_word' id='word_1_121' title='bbox 129 2043 188 2104; x_wconf 89' lang='lat' dir='ltr'>illa</span> <span class='ocrx_word' id='word_1_122' title='bbox 209 2039 370 2109; x_wconf 71' lang='lat' dir='ltr'>stulticia.</span> <span class='ocrx_word' id='word_1_123' title='bbox 403 2053 514 2101; x_wconf 79' lang='lat' dir='ltr'>auctor</span> <span class='ocrx_word' id='word_1_124' title='bbox 535 2037 578 2101; x_wconf 85' lang='lat' dir='ltr'>eil</span> <span class='ocrx_word' id='word_1_125' title='bbox 600 2035 727 2103; x_wconf 86' lang='lat' dir='ltr'>Plinina</span> <span class='ocrx_word' id='word_1_126' title='bbox 742 2051 800 2119; x_wconf 74' lang='lat'>30,</span> <span class='ocrx_word' id='word_1_127' title='bbox 815 2035 893 2118; x_wconf 63' lang='grc' dir='ltr'>Μ,</span> <span class='ocrx_word' id='word_1_128' title='bbox 916 2060 944 2102; x_wconf 90' lang='grc' dir='ltr'>ι.</span> <span class='ocrx_word' id='word_1_129' title='bbox 970 2057 1079 2122; x_wconf 84' lang='lat' dir='ltr'>quarn·</span> 
     </span>
     <span class='ocr_line' id='line_1_16' title="bbox 10 2139 1162 2232; baseline -0.003 -27"><span class='ocrx_word' id='word_1_130' title='bbox 10 2166 116 2229; x_wconf 81' lang='lat' dir='ltr'>qnam</span> <span class='ocrx_word' id='word_1_131' title='bbox 136 2141 312 2207; x_wconf 77' lang='lat' dir='ltr'>obscurius</span> <span class='ocrx_word' id='word_1_132' title='bbox 326 2141 359 2200; x_wconf 81' lang='lat' dir='ltr'>iel</span> <span class='ocrx_word' id='word_1_133' title='bbox 375 2140 479 2211; x_wconf 83' lang='lat' dir='ltr'>tradit,</span> <span class='ocrx_word' id='word_1_134' title='bbox 501 2139 639 2204; x_wconf 82' lang='lat' dir='ltr'>Druidae</span> <span class='ocrx_word' id='word_1_135' title='bbox 651 2141 739 2203; x_wconf 84' lang='lat' dir='ltr'>eninr</span> <span class='ocrx_word' id='word_1_136' title='bbox 751 2141 913 2205; x_wconf 72' lang='lat' dir='ltr'>Gallorum</span> <span class='ocrx_word' id='word_1_137' title='bbox 929 2139 1080 2205; x_wconf 87' lang='lat' dir='ltr'>sustulisse</span> <span class='ocrx_word' id='word_1_138' title='bbox 1148 2219 1162 2232; x_wconf 48' lang='lat'>-</span> 
     </span>
     <span class='ocr_line' id='line_1_17' title="bbox 10 2241 1076 2328; baseline -0.003 -18"><span class='ocrx_word' id='word_1_139' title='bbox 10 2251 71 2318; x_wconf 89' lang='lat' dir='ltr'>ait.</span> <span class='ocrx_word' id='word_1_140' title='bbox 95 2245 228 2328; x_wconf 85' lang='lat' dir='ltr'>quibua</span> <span class='ocrx_word' id='word_1_141' title='bbox 243 2243 287 2304; x_wconf 74' lang='lat' dir='ltr'>fic</span> <span class='ocrx_word' id='word_1_142' title='bbox 302 2241 440 2304; x_wconf 86' lang='lat' dir='ltr'>tribuere</span> <span class='ocrx_word' id='word_1_143' title='bbox 457 2241 597 2306; x_wconf 84' lang='lat' dir='ltr'>videtur.</span> <span class='ocrx_word' id='word_1_144' title='bbox 636 2241 770 2306; x_wconf 78' lang='lat' dir='ltr'>sueton.</span> <span class='ocrx_word' id='word_1_145' title='bbox 790 2243 825 2306; x_wconf 91' lang='lat' dir='ltr'>in</span> <span class='ocrx_word' id='word_1_146' title='bbox 842 2241 952 2306; x_wconf 88' lang='lat' dir='ltr'>Tiber.</span> <span class='ocrx_word' id='word_1_147' title='bbox 968 2263 998 2308; x_wconf 89' lang='lat' dir='ltr'>c.</span> <span class='ocrx_word' id='word_1_148' title='bbox 1016 2241 1076 2322; x_wconf 76' lang='lat'>36.</span> 
     </span>
     <span class='ocr_line' id='line_1_18' title="bbox 11 2341 1077 2429; baseline -0.004 -17"><span class='ocrx_word' id='word_1_149' title='bbox 11 2349 286 2412; x_wconf 73' lang='lat' dir='ltr'>Mathematicus</span> <span class='ocrx_word' id='word_1_150' title='bbox 307 2342 441 2429; x_wconf 68' lang='lat' dir='ltr'>(magua</span> <span class='ocrx_word' id='word_1_151' title='bbox 461 2342 550 2404; x_wconf 83' lang='lat' dir='ltr'>aldit</span> <span class='ocrx_word' id='word_1_152' title='bbox 569 2343 635 2405; x_wconf 87' lang='lat' dir='ltr'>Dio</span> <span class='ocrx_word' id='word_1_153' title='bbox 651 2353 709 2421; x_wconf 83' lang='lat'>57.</span> <span class='ocrx_word' id='word_1_154' title='bbox 732 2356 787 2422; x_wconf 85' lang='lat'>15.</span> <span class='ocrx_word' id='word_1_155' title='bbox 813 2357 846 2408; x_wconf 88' lang='lat' dir='ltr'>et</span> <span class='ocrx_word' id='word_1_156' title='bbox 867 2345 971 2410; x_wconf 86' lang='lat' dir='ltr'>Tacit.</span> <span class='ocrx_word' id='word_1_157' title='bbox 992 2341 1077 2408; x_wconf 77' lang='lat' dir='ltr'>lun.</span> 
     </span>
     <span class='ocr_line' id='line_1_19' title="bbox 12 2441 1078 2532; baseline -0.003 -21"><span class='ocrx_word' id='word_1_158' title='bbox 12 2467 51 2522; x_wconf 78' lang='lat' dir='ltr'>a,</span> <span class='ocrx_word' id='word_1_159' title='bbox 73 2447 159 2532; x_wconf 70' lang='lat'>52.)</span> <span class='ocrx_word' id='word_1_160' title='bbox 184 2467 206 2510; x_wconf 94' lang='lat' dir='ltr'>a</span> <span class='ocrx_word' id='word_1_161' title='bbox 230 2445 368 2508; x_wconf 89' lang='lat' dir='ltr'>Tiberio</span> <span class='ocrx_word' id='word_1_162' title='bbox 400 2441 547 2526; x_wconf 78' lang='lat' dir='ltr'>expulsor</span> <span class='ocrx_word' id='word_1_163' title='bbox 574 2442 651 2516; x_wconf 85' lang='lat' dir='ltr'>esse.</span> <span class='ocrx_word' id='word_1_164' title='bbox 686 2458 811 2508; x_wconf 85' lang='lat' dir='ltr'>tantum</span> <span class='ocrx_word' id='word_1_165' title='bbox 840 2441 955 2519; x_wconf 82' lang='lat' dir='ltr'>refert,</span> <span class='ocrx_word' id='word_1_166' title='bbox 988 2443 1078 2530; x_wconf 78' lang='lat' dir='ltr'>qnod</span> 
     </span>
     <span class='ocr_line' id='line_1_20' title="bbox 13 2539 1078 2635; baseline -0.005 -20"><span class='ocrx_word' id='word_1_167' title='bbox 13 2553 86 2615; x_wconf 85' lang='lat' dir='ltr'>iarn</span> <span class='ocrx_word' id='word_1_168' title='bbox 104 2551 286 2612; x_wconf 78' lang='lat' dir='ltr'>Maecenat</span> <span class='ocrx_word' id='word_1_169' title='bbox 304 2544 445 2631; x_wconf 75' lang='lat' dir='ltr'>Augullo</span> <span class='ocrx_word' id='word_1_170' title='bbox 458 2539 599 2608; x_wconf 84' lang='lat' dir='ltr'>suaserat.</span> <span class='ocrx_word' id='word_1_171' title='bbox 624 2541 705 2635; x_wconf 87' lang='lat' dir='ltr'>(Dio</span> <span class='ocrx_word' id='word_1_172' title='bbox 722 2559 780 2624; x_wconf 85' lang='grc'>59,</span> <span class='ocrx_word' id='word_1_173' title='bbox 796 2547 855 2628; x_wconf 76' lang='lat'>36.</span> <span class='ocrx_word' id='word_1_174' title='bbox 872 2543 984 2628; x_wconf 73' lang='lat' dir='ltr'>cs.49.</span> <span class='ocrx_word' id='word_1_175' title='bbox 999 2543 1078 2634; x_wconf 77' lang='grc'>43.)</span> 
     </span>
     <span class='ocr_line' id='line_1_21' title="bbox 13 2645 1077 2737; baseline -0.006 -19"><span class='ocrx_word' id='word_1_176' title='bbox 13 2653 216 2737; x_wconf 74' lang='lat' dir='ltr'>Aliquotiea</span> <span class='ocrx_word' id='word_1_177' title='bbox 238 2663 347 2710; x_wconf 87' lang='lat' dir='ltr'>tamen</span> <span class='ocrx_word' id='word_1_178' title='bbox 376 2647 427 2708; x_wconf 90' lang='lat' dir='ltr'>illa</span> <span class='ocrx_word' id='word_1_179' title='bbox 448 2645 499 2708; x_wconf 83' lang='lat' dir='ltr'>lex</span> <span class='ocrx_word' id='word_1_180' title='bbox 519 2647 653 2727; x_wconf 86' lang='lat' dir='ltr'>repetita</span> <span class='ocrx_word' id='word_1_181' title='bbox 680 2649 809 2710; x_wconf 83' lang='lat' dir='ltr'>videtur</span> <span class='ocrx_word' id='word_1_182' title='bbox 830 2668 905 2711; x_wconf 85' lang='lat' dir='ltr'>cunr</span> <span class='ocrx_word' id='word_1_183' title='bbox 929 2648 996 2732; x_wconf 91' lang='lat' dir='ltr'>ipso</span> <span class='ocrx_word' id='word_1_184' title='bbox 1018 2649 1077 2712; x_wconf 84' lang='lat' dir='ltr'>illo</span> 
     </span>
     <span class='ocr_line' id='line_1_22' title="bbox 15 2747 1076 2830; baseline -0.002 -13"><span class='ocrx_word' id='word_1_185' title='bbox 15 2759 86 2817; x_wconf 90' lang='lat' dir='ltr'>ritu</span> <span class='ocrx_word' id='word_1_186' title='bbox 110 2753 230 2818; x_wconf 82' lang='lat' dir='ltr'>suedo.</span> <span class='ocrx_word' id='word_1_187' title='bbox 283 2751 323 2812; x_wconf 91' lang='lat' dir='ltr'>ln</span> <span class='ocrx_word' id='word_1_188' title='bbox 339 2747 475 2812; x_wconf 82' lang='lat' dir='ltr'>Claudio</span> <span class='ocrx_word' id='word_1_189' title='bbox 497 2747 629 2830; x_wconf 82' lang='lat' dir='ltr'>quidem</span> <span class='ocrx_word' id='word_1_190' title='bbox 652 2747 810 2814; x_wconf 71' lang='lat' dir='ltr'>consentit</span> <span class='ocrx_word' id='word_1_191' title='bbox 829 2751 974 2814; x_wconf 81' lang='lat' dir='ltr'>Aureliua</span> <span class='ocrx_word' id='word_1_192' title='bbox 994 2750 1076 2816; x_wconf 85' lang='lat' dir='ltr'>Vict.</span> 
     </span>
     <span class='ocr_line' id='line_1_23' title="bbox 15 2848 1078 2935; baseline 0 -19"><span class='ocrx_word' id='word_1_193' title='bbox 15 2857 60 2920; x_wconf 71' lang='lat' dir='ltr'>de</span> <span class='ocrx_word' id='word_1_194' title='bbox 77 2852 216 2920; x_wconf 81' lang='lat' dir='ltr'>Caesar.</span> <span class='ocrx_word' id='word_1_195' title='bbox 232 2871 301 2933; x_wconf 90' lang='lat' dir='ltr'>cap.</span> <span class='ocrx_word' id='word_1_196' title='bbox 318 2858 354 2932; x_wconf 80' lang='grc'>4.</span> <span class='ocrx_word' id='word_1_197' title='bbox 400 2849 492 2934; x_wconf 84' lang='lat' dir='ltr'>Quae</span> <span class='ocrx_word' id='word_1_198' title='bbox 506 2848 636 2931; x_wconf 81' lang='lat' dir='ltr'>quidem</span> <span class='ocrx_word' id='word_1_199' title='bbox 654 2851 822 2914; x_wconf 88' lang='lat' dir='ltr'>conciliare</span> <span class='ocrx_word' id='word_1_200' title='bbox 839 2865 940 2914; x_wconf 89' lang='lat' dir='ltr'>tentat</span> <span class='ocrx_word' id='word_1_201' title='bbox 954 2850 1078 2935; x_wconf 76' lang='lat' dir='ltr'>Lipsiut</span> 
     </span>
     <span class='ocr_line' id='line_1_24' title="bbox 14 2949 1078 3033; baseline -0.006 -12"><span class='ocrx_word' id='word_1_202' title='bbox 14 2961 57 3021; x_wconf 84' lang='lat' dir='ltr'>ad</span> <span class='ocrx_word' id='word_1_203' title='bbox 72 2957 191 3020; x_wconf 81' lang='lat' dir='ltr'>Tacit.</span> <span class='ocrx_word' id='word_1_204' title='bbox 210 2953 295 3016; x_wconf 79' lang='lat' dir='ltr'>Anu.</span> <span class='ocrx_word' id='word_1_205' title='bbox 318 2967 372 3021; x_wconf 86' lang='grc' dir='ltr'>ι9.</span> <span class='ocrx_word' id='word_1_206' title='bbox 386 2960 449 3029; x_wconf 77' lang='grc'>49.</span> <span class='ocrx_word' id='word_1_207' title='bbox 468 2967 586 3033; x_wconf 83' lang='lat' dir='ltr'>nempe</span> <span class='ocrx_word' id='word_1_208' title='bbox 603 2950 770 3014; x_wconf 81' lang='lat' dir='ltr'>Tiberium</span> <span class='ocrx_word' id='word_1_209' title='bbox 784 2953 836 3015; x_wconf 89' lang='lat' dir='ltr'>illa</span> <span class='ocrx_word' id='word_1_210' title='bbox 852 2949 930 3016; x_wconf 84' lang='lat' dir='ltr'>sacra</span> <span class='ocrx_word' id='word_1_211' title='bbox 945 2955 978 3015; x_wconf 91' lang='lat' dir='ltr'>in</span> <span class='ocrx_word' id='word_1_212' title='bbox 999 2953 1078 3015; x_wconf 86' lang='lat' dir='ltr'>urbe</span> 
     </span>
     <span class='ocr_line' id='line_1_25' title="bbox 15 3049 1076 3144; baseline -0.006 -22"><span class='ocrx_word' id='word_1_213' title='bbox 15 3073 156 3122; x_wconf 84' lang='lat' dir='ltr'>tautum</span> <span class='ocrx_word' id='word_1_214' title='bbox 174 3051 344 3124; x_wconf 76' lang='lat' dir='ltr'>sustulisse.</span> <span class='ocrx_word' id='word_1_215' title='bbox 378 3051 551 3144; x_wconf 82' lang='lat' dir='ltr'>Claudiurn</span> <span class='ocrx_word' id='word_1_216' title='bbox 573 3049 607 3112; x_wconf 83' lang='lat' dir='ltr'>in</span> <span class='ocrx_word' id='word_1_217' title='bbox 628 3051 729 3116; x_wconf 86' lang='lat' dir='ltr'>Gallia</span> <span class='ocrx_word' id='word_1_218' title='bbox 750 3052 823 3136; x_wconf 84' lang='lat' dir='ltr'>ipsa.</span> <span class='ocrx_word' id='word_1_219' title='bbox 875 3053 948 3118; x_wconf 81' lang='lat' dir='ltr'>Poll</span> <span class='ocrx_word' id='word_1_220' title='bbox 969 3069 1076 3116; x_wconf 87' lang='lat' dir='ltr'>tamen</span> 
     </span>
     <span class='ocr_line' id='line_1_26' title="bbox 18 3150 1078 3237; baseline -0.005 -14"><span class='ocrx_word' id='word_1_221' title='bbox 18 3163 236 3223; x_wconf 79' lang='lat' dir='ltr'>inhumanat</span> <span class='ocrx_word' id='word_1_222' title='bbox 256 3155 330 3216; x_wconf 87' lang='lat' dir='ltr'>licet</span> <span class='ocrx_word' id='word_1_223' title='bbox 346 3151 571 3237; x_wconf 73' lang='lat' dir='ltr'>Heliogabalo·</span> <span class='ocrx_word' id='word_1_224' title='bbox 589 3150 742 3218; x_wconf 84' lang='lat' dir='ltr'>humanat</span> <span class='ocrx_word' id='word_1_225' title='bbox 755 3151 870 3218; x_wconf 84' lang='lat' dir='ltr'>hosliae</span> <span class='ocrx_word' id='word_1_226' title='bbox 885 3155 1014 3225; x_wconf 86' lang='lat' dir='ltr'>recidit.</span> <span class='ocrx_word' id='word_1_227' title='bbox 1040 3167 1078 3218; x_wconf 91' lang='lat' dir='ltr'>ut</span> 
     </span>
     <span class='ocr_line' id='line_1_27' title="bbox 18 3254 1077 3339; baseline -0.005 -14"><span class='ocrx_word' id='word_1_228' title='bbox 18 3274 132 3325; x_wconf 89' lang='lat' dir='ltr'>narrat</span> <span class='ocrx_word' id='word_1_229' title='bbox 157 3257 365 3339; x_wconf 83' lang='lat' dir='ltr'>Lampridiua</span> <span class='ocrx_word' id='word_1_230' title='bbox 381 3255 415 3316; x_wconf 89' lang='lat' dir='ltr'>in</span> <span class='ocrx_word' id='word_1_231' title='bbox 432 3254 497 3316; x_wconf 83' lang='lat' dir='ltr'>vita</span> <span class='ocrx_word' id='word_1_232' title='bbox 512 3271 579 3336; x_wconf 84' lang='lat' dir='ltr'>cap.</span> <span class='ocrx_word' id='word_1_233' title='bbox 596 3265 629 3332; x_wconf 74' lang='lat' dir='ltr'>fl.</span> <span class='ocrx_word' id='word_1_234' title='bbox 646 3255 692 3319; x_wconf 87' lang='lat' dir='ltr'>in.</span> <span class='ocrx_word' id='word_1_235' title='bbox 741 3257 804 3320; x_wconf 84' lang='lat' dir='ltr'>Sed</span> <span class='ocrx_word' id='word_1_236' title='bbox 828 3269 861 3318; x_wconf 91' lang='lat' dir='ltr'>et</span> <span class='ocrx_word' id='word_1_237' title='bbox 880 3257 958 3320; x_wconf 86' lang='lat' dir='ltr'>olim</span> <span class='ocrx_word' id='word_1_238' title='bbox 981 3259 1077 3320; x_wconf 77' lang='lat' dir='ltr'>auce·</span> 
     </span>
     <span class='ocr_line' id='line_1_28' title="bbox 18 3353 1077 3441; baseline -0.004 -15"><span class='ocrx_word' id='word_1_239' title='bbox 18 3383 143 3426; x_wconf 85' lang='lat' dir='ltr'>narum</span> <span class='ocrx_word' id='word_1_240' title='bbox 160 3358 391 3422; x_wconf 86' lang='lat' dir='ltr'>mactationem</span> <span class='ocrx_word' id='word_1_241' title='bbox 408 3355 447 3418; x_wconf 86' lang='lat' dir='ltr'>ab</span> <span class='ocrx_word' id='word_1_242' title='bbox 466 3355 605 3418; x_wconf 87' lang='lat' dir='ltr'>Hercule</span> <span class='ocrx_word' id='word_1_243' title='bbox 616 3353 798 3441; x_wconf 79' lang='lat' dir='ltr'>abrogatam</span> <span class='ocrx_word' id='word_1_244' title='bbox 813 3355 912 3429; x_wconf 84' lang='lat' dir='ltr'>luisse,</span> <span class='ocrx_word' id='word_1_245' title='bbox 932 3358 1077 3422; x_wconf 80' lang='lat' dir='ltr'>adfirmat</span> 
     </span>
     <span class='ocr_line' id='line_1_29' title="bbox 20 3455 1076 3544; baseline -0.004 -17"><span class='ocrx_word' id='word_1_246' title='bbox 20 3465 170 3529; x_wconf 85' lang='lat' dir='ltr'>Diodor.</span> <span class='ocrx_word' id='word_1_247' title='bbox 188 3471 224 3540; x_wconf 79' lang='grc'>4.</span> <span class='ocrx_word' id='word_1_248' title='bbox 249 3477 303 3539; x_wconf 84' lang='lat'>¹9·</span> <span class='ocrx_word' id='word_1_249' title='bbox 320 3459 366 3519; x_wconf 90' lang='lat' dir='ltr'>in.</span> <span class='ocrx_word' id='word_1_250' title='bbox 418 3457 526 3540; x_wconf 89' lang='lat' dir='ltr'>Quare</span> <span class='ocrx_word' id='word_1_251' title='bbox 549 3457 588 3516; x_wconf 85' lang='lat' dir='ltr'>ad</span> <span class='ocrx_word' id='word_1_252' title='bbox 619 3477 673 3520; x_wconf 83' lang='lat' dir='ltr'>ete</span> <span class='ocrx_word' id='word_1_253' title='bbox 705 3455 794 3544; x_wconf 86' lang='lat' dir='ltr'>saepe</span> <span class='ocrx_word' id='word_1_254' title='bbox 827 3461 1008 3530; x_wconf 85' lang='lat' dir='ltr'>redierunt.</span> <span class='ocrx_word' id='word_1_255' title='bbox 1042 3471 1076 3523; x_wconf 89' lang='lat' dir='ltr'>et</span> 
     </span>
     <span class='ocr_line' id='line_1_30' title="bbox 21 3556 1077 3647; baseline -0.006 -17"><span class='ocrx_word' id='word_1_256' title='bbox 21 3568 126 3630; x_wconf 74' lang='lat' dir='ltr'>nocie</span> <span class='ocrx_word' id='word_1_257' title='bbox 151 3561 280 3647; x_wconf 77' lang='lat' dir='ltr'>legibue</span> <span class='ocrx_word' id='word_1_258' title='bbox 301 3560 438 3621; x_wconf 80' lang='lat' dir='ltr'>coerceri</span> <span class='ocrx_word' id='word_1_259' title='bbox 455 3556 587 3620; x_wconf 82' lang='lat' dir='ltr'>subinde</span> <span class='ocrx_word' id='word_1_260' title='bbox 607 3557 782 3631; x_wconf 84' lang='lat' dir='ltr'>debebant.</span> <span class='ocrx_word' id='word_1_261' title='bbox 812 3561 898 3644; x_wconf 89' lang='lat' dir='ltr'>quod</span> <span class='ocrx_word' id='word_1_262' title='bbox 921 3575 955 3623; x_wconf 85' lang='lat' dir='ltr'>et</span> <span class='ocrx_word' id='word_1_263' title='bbox 974 3559 1077 3624; x_wconf 79' lang='lat' dir='ltr'>exsili·</span> 
     </span>
     <span class='ocr_line' id='line_1_31' title="bbox 21 3657 1076 3743; baseline -0.002 -13"><span class='ocrx_word' id='word_1_264' title='bbox 21 3685 94 3730; x_wconf 86' lang='lat' dir='ltr'>mat</span> <span class='ocrx_word' id='word_1_265' title='bbox 114 3665 241 3726; x_wconf 83' lang='lat' dir='ltr'>Martio</span> <span class='ocrx_word' id='word_1_266' title='bbox 262 3680 294 3743; x_wconf 91' lang='lat' dir='ltr'>p.</span> <span class='ocrx_word' id='word_1_267' title='bbox 312 3675 398 3740; x_wconf 86' lang='grc'><strong><em>999.</em></strong></span> <span class='ocrx_word' id='word_1_268' title='bbox 415 3679 442 3723; x_wconf 89' lang='lat' dir='ltr'>c.</span> <span class='ocrx_word' id='word_1_269' title='bbox 464 3659 486 3724; x_wconf 88' lang='grc' dir='ltr'>Ι.</span> <span class='ocrx_word' id='word_1_270' title='bbox 514 3657 631 3720; x_wconf 81' lang='lat' dir='ltr'>Bestiae</span> <span class='ocrx_word' id='word_1_271' title='bbox 652 3673 760 3723; x_wconf 90' lang='lat' dir='ltr'>tamen</span> <span class='ocrx_word' id='word_1_272' title='bbox 781 3665 876 3727; x_wconf 85' lang='lat' dir='ltr'>etiam</span> <span class='ocrx_word' id='word_1_273' title='bbox 901 3661 1076 3729; x_wconf 80' lang='lat' dir='ltr'>immolasse</span> 
     </span>
     <span class='ocr_line' id='line_1_32' title="bbox 23 3756 1077 3848; baseline 0.001 -18"><span class='ocrx_word' id='word_1_274' title='bbox 23 3789 62 3830; x_wconf 84' lang='lat' dir='ltr'>ex</span> <span class='ocrx_word' id='word_1_275' title='bbox 86 3781 206 3829; x_wconf 83' lang='lat' dir='ltr'>vetere</span> <span class='ocrx_word' id='word_1_276' title='bbox 229 3777 463 3832; x_wconf 82' lang='lat' dir='ltr'>monumento.</span> <span class='ocrx_word' id='word_1_277' title='bbox 496 3761 586 3823; x_wconf 82' lang='lat' dir='ltr'>cuiue</span> <span class='ocrx_word' id='word_1_278' title='bbox 612 3756 730 3845; x_wconf 80' lang='lat' dir='ltr'>speclea</span> <span class='ocrx_word' id='word_1_279' title='bbox 752 3763 937 3836; x_wconf 81' lang='lat' dir='ltr'>exhibetur.</span> <span class='ocrx_word' id='word_1_280' title='bbox 963 3763 1077 3848; x_wconf 82' lang='lat' dir='ltr'>probat</span> 
     </span>
     <span class='ocr_line' id='line_1_33' title="bbox 25 3861 325 3950; baseline 0.007 -24"><span class='ocrx_word' id='word_1_281' title='bbox 25 3871 117 3934; x_wconf 71' lang='lat' dir='ltr'>idam</span> <span class='ocrx_word' id='word_1_282' title='bbox 139 3889 175 3950; x_wconf 89' lang='lat' dir='ltr'>p.</span> <span class='ocrx_word' id='word_1_283' title='bbox 200 3879 283 3927; x_wconf 75' lang='lat'>102.</span> <span class='ocrx_word' id='word_1_284' title='bbox 302 3861 325 3928; x_wconf 79' lang='lat' dir='ltr'>s·</span> 
     </span>
    </p>
   </div>
   <div class='ocr_carea' id='block_1_4' title="bbox 24 4060 1075 4258">
    <p class='ocr_par' dir='ltr' id='par_1_4' title="bbox 24 4060 1075 4258">
     <span class='ocr_line' id='line_1_34' title="bbox 107 4060 1075 4150; baseline -0.005 -16"><span class='ocrx_word' id='word_1_285' title='bbox 107 4060 346 4144; x_wconf 79' lang='lat' dir='ltr'>coedibus)</span> <span class='ocrx_word' id='word_1_286' title='bbox 396 4063 449 4126; x_wconf 89' lang='lat' dir='ltr'>Sic</span> <span class='ocrx_word' id='word_1_287' title='bbox 481 4083 617 4130; x_wconf 85' lang='lat' dir='ltr'>numero</span> <span class='ocrx_word' id='word_1_288' title='bbox 647 4065 760 4150; x_wconf 87' lang='lat' dir='ltr'>plurali</span> <span class='ocrx_word' id='word_1_289' title='bbox 791 4063 900 4150; x_wconf 82' lang='lat' dir='ltr'>passim</span> <span class='ocrx_word' id='word_1_290' title='bbox 927 4073 1075 4138; x_wconf 68' lang='lat' dir='ltr'>omunit.</span> 
     </span>
     <span class='ocr_line' id='line_1_35' title="bbox 24 4165 1075 4258; baseline -0.01 -23"><span class='ocrx_word' id='word_1_291' title='bbox 24 4175 99 4239; x_wconf 60' lang='lat' dir='ltr'>Tul.</span> <span class='ocrx_word' id='word_1_292' title='bbox 115 4166 293 4236; x_wconf 82' lang='lat' dir='ltr'>Drakenb.</span> <span class='ocrx_word' id='word_1_293' title='bbox 309 4166 347 4228; x_wconf 88' lang='lat' dir='ltr'>ad</span> <span class='ocrx_word' id='word_1_294' title='bbox 365 4165 439 4230; x_wconf 69' lang='grc' dir='ltr'>[ἀν.</span> <span class='ocrx_word' id='word_1_295' title='bbox 456 4181 515 4245; x_wconf 78' lang='grc'>97.</span> <span class='ocrx_word' id='word_1_296' title='bbox 536 4179 594 4246; x_wconf 73' lang='lat'>¹8·</span> <span class='ocrx_word' id='word_1_297' title='bbox 614 4185 670 4250; x_wconf 84' lang='lat'>¹9·</span> <span class='ocrx_word' id='word_1_298' title='bbox 699 4167 910 4258; x_wconf 80' lang='lat' dir='ltr'>Oudendorp.</span> <span class='ocrx_word' id='word_1_299' title='bbox 926 4175 966 4238; x_wconf 68' lang='lat' dir='ltr'>at</span> <span class='ocrx_word' id='word_1_300' title='bbox 985 4173 1075 4242; x_wconf 56' lang='lat' dir='ltr'>cut,</span> 
     </span>
    </p>
   </div>
   <div class='ocr_carea' id='block_1_5' title="bbox 0 0 1402 4888">
    <p class='ocr_par' dir='ltr' id='par_1_5' title="bbox 0 0 1402 4888">
     <span class='ocr_line' id='line_1_36' title="bbox 0 0 1402 4888; baseline 0 0"><span class='ocrx_word' id='word_1_301' title='bbox 0 0 1402 4888; x_wconf 95' lang='lat' dir='ltr'> </span> 
     </span>
    </p>
   </div>
  </div>
 </body>
</html>
