2650 4896
271 366 331 452 296
537 367 701 429 noran
734 315 1040 428 axuourrcan

270 555 416 608 numerat
446 543 537 608 lladia
563 553 681 627 4250.
723 565 741 606 a
772 542 920 624 Carpesia
950 561 1045 627 porro
1074 539 1119 604 ad
1148 529 1308 633 Muscmn

270 644 374 710 urbem
398 647 432 707 in
455 647 620 711 Gedrosiae
641 647 781 711 confinio
803 657 919 726 555⁰·
951 665 1030 727 qnae
1053 642 1217 706 summanr
1239 662 1308 706 con·

273 749 381 810 iaciunt
395 746 564 812 stadiomm
582 751 691 832 9600.
716 768 794 818 non.
813 761 850 808 ut
865 747 911 810 ibi
926 747 1043 819 editur,
1065 763 1179 810 1200.
1213 744 1307 828 Quod

271 851 370 934 igitur
388 867 426 910 ex
444 845 580 912 Nearchi
595 849 720 934 paraplo
737 847 880 920 discitur,
905 849 1085 912 habitarunt
1107 847 1192 910 olim
1208 847 1242 906 ln
1256 863 1307 908 ota

272 951 431 1012 maritima
451 951 525 1013 inde
540 951 578 1014 ab
595 952 675 1014 lndo
691 953 792 1014 slurio
807 949 952 1016 Arobies.
975 951 1079 1031 (aliie,
1103 947 1198 1029 quod
1214 961 1247 1008 et
1263 945 1306 1011 ibi

274 1051 407 1122 volunt.
432 1049 555 1124 Arbies,
581 1052 633 1115 rel
649 1050 754 1123 Arbis,
777 1051 959 1130 Arabiton)
996 1052 1068 1113 Vid.
1085 1047 1250 1115 Harduin.
1269 1045 1305 1107 acl

273 1151 357 1214 Plin.
376 1153 409 1220 6.
433 1165 492 1231 25.
518 1153 539 1218 s.
557 1167 614 1232 23.
641 1167 673 1216 et
694 1151 889 1216 Wernadors.
913 1155 951 1215 arl
974 1149 1124 1214 Priscian.
1148 1170 1184 1213 r.
1206 1163 1305 1212 tooa.

275 1251 383 1316 Oritae
401 1252 453 1316 sub
472 1253 628 1326 Gedrofia.
657 1254 888 1340 ichthyophagi
904 1254 941 1316 ad
960 1253 1142 1336 Carpellam
1161 1266 1305 1333 promora-

275 1355 394 1417 torium
412 1355 493 1419 stoue
510 1355 631 1430 Persici.
659 1357 828 1428 Carmanii.
854 1353 974 1420 Persae.
1012 1354 1060 1416 lta
1074 1351 1192 1416 seriem
1210 1367 1303 1432 popu·

276 1455 382 1518 lorum
406 1457 551 1520 describit
568 1461 663 1521 etiam
687 1457 797 1522 Strabo
820 1470 875 1535 15.
898 1475 971 1542 pag.
986 1467 1060 1536 495
1076 1453 1121 1536 sq.
1140 1452 1163 1515 s.
1182 1465 1251 1527 720
1265 1447 1301 1529 sq.

277 1555 328 1619 Cf.
347 1559 442 1618 etiam
459 1559 593 1624 Diodor.
611 1575 665 1635 17,
686 1569 755 1640 104
768 1557 810 1641 sq.
861 1560 911 1622 De
928 1557 998 1640 ipsu
1011 1557 1142 1639 populis
1158 1553 1221 1616 illie
1241 1550 1301 1612 vid.

275 1657 401 1722 Salmas.
418 1660 455 1720 ad
473 1661 575 1726 Sosin.
590 1681 657 1744 cap.
674 1669 733 1740 54.
751 1659 771 1724 s.
788 1673 846 1737 57.
864 1681 896 1743 p.
914 1680 957 1720 m.
977 1670 1061 1738 838.
1084 1671 1120 1720 et
1142 1655 1185 1718 de
1199 1669 1301 1716 eorunt

278 1759 348 1821 litu.
387 1759 459 1822 Posl
475 1761 592 1834 Oritae,
611 1763 664 1844 qui
681 1760 775 1824 Arbie
791 1759 826 1824 sl.
842 1759 880 1822 ab
889 1760 1030 1824 'Arbibue
1052 1754 1303 1820 disterminabun-

277 1872 338 1932 tur,
362 1873 393 1923 et
410 1861 644 1950 ichthyophagi
662 1862 844 1926 Carmaniae
860 1859 990 1924 suerunt
1004 1857 1165 1942 adscripti,
1189 1869 1221 1917 et
1237 1855 1302 1914 binc

276 1959 420 2024 bifariam
444 1962 598 2047 dispertiti
620 1965 797 2038 Carmanii,
830 1981 969 2045 quorum
991 1961 1021 2024 oi
1038 1957 1095 2051 μὲν
1121 1951 1300 2046 ὖπειρᾰλωι,

275 2053 328 2132 roi
352 2058 378 2124 δ’
398 2059 525 2132 taloan
547 2059 741 2154 iyrctpniron
775 2065 822 2128 oti
838 2063 881 2128 eil
896 2063 981 2147 apud
996 2061 1132 2142 Dionys.
1148 2083 1183 2123 v.
1203 2068 1298 2134 1085.

276 2163 393 2225 Litora
412 2186 490 2246 pars
504 2165 668 2239 habitant,
693 2166 811 2230 merline
824 2187 900 2245 nors
916 2167 1027 2230 limina
1043 2177 1147 2226 terrae
1161 2157 1297 2224 Priscian·¹

277 2283 310 2328 v·
326 2278 411 2346 993·
452 2267 525 2328 Post
540 2269 724 2333 Carmanios
745 2270 839 2352 ponit
858 2268 1043 2336 Gedrolior.
1077 2265 1209 2329 Oceano
1231 2258 1298 2320 rici·

276 2383 346 2430 noa.
385 2367 449 2432 Etsr
465 2370 552 2431 enim
571 2369 692 2433 subiicit
708 2371 812 2434 Oritaa
832 2381 865 2432 et
880 2368 991 2431 Arbita
1010 2369 1086 2430 citra
1101 2365 1231 2430 ludum.
1254 2360 1298 2420 erl·

275 2483 364 2548 paret
379 2481 482 2531 tamen
501 2470 675 2534 Carmaniis
690 2491 746 2536 eoa
759 2469 867 2532 tribui.
920 2471 1088 2552 Duplicem
1104 2467 1196 2528 enim
1209 2460 1296 2545 pose·

275 2571 374 2630 riores
389 2583 530 2633 auctorat
545 2571 709 2654 proferunt
724 2572 943 2642 Carmaniam.
969 2573 1059 2634 cuiue
1074 2571 1256 2630 alterutram
1267 2561 1296 2620 in

275 2671 422 2732 maximia
446 2670 564 2736 Persrae
587 2673 761 2755 provinciis
782 2671 970 2737 Ammianut
996 2685 1052 2749 23,
1075 2671 1108 2734 6.
1132 2689 1204 2752 pag.
1222 2671 1293 2740 aad.

276 2769 465 2850 (Gronov.)
498 2788 589 2836 vocat
626 2776 832 2838 Carmaniam
865 2775 1032 2846 maiorem
1074 2771 1127 2832 alii
1154 2765 1294 2832 desertam

274 2889 387 2944 unam,
413 2874 540 2936 alteram
563 2875 742 2958 fimpliciter
765 2874 981 2944 Carmaniam,
1008 2875 1041 2935 in
1065 2871 1180 2955 quibua
1203 2865 1295 2932 Prole·

275 2990 384 3036 maeue
401 2975 433 3044 6,
452 2977 483 3038 6.
503 2990 535 3036 et
551 2988 585 3055 3.
613 2977 788 3040 Marcianus
804 2977 838 3037 in
859 2975 981 3058 periplo
996 2995 1067 3060 pag.
1086 2989 1146 3038 ao.
1163 2962 1294 3051 (Haris.)

273 3073 387 3140 Veram
411 3075 609 3138 Carmaniam
630 3091 724 3141 vocat
744 3079 872 3141 alteram
888 3077 1088 3160 Agathemer.
1107 3091 1140 3146 a,
1164 3075 1198 3139 6.
1240 3069 1292 3128 13⁰·

273 3172 384 3238 sertam
408 3177 553 3240 Parthiae
580 3177 735 3241 subiacere
760 3179 856 3249 dicit,
894 3197 1001 3240 reram
1029 3177 1069 3238 ad
1095 3184 1292 3249 marcusque

271 3275 349 3338 hinc
367 3281 528 3360 permitti,
554 3283 587 3340 in
603 3299 667 3362 quo
684 3281 781 3344 etalii
797 3277 1007 3342 consentiunt.
1058 3277 1196 3362 Antiqoo
1214 3266 1290 3333 serrsn

273 3378 435 3442 Carmanii
459 3383 492 3442 in
517 3381 601 3443 Mela
621 3394 706 3444 recte
722 3371 858 3466 intelligi
879 3380 1004 3464 possunt
1025 3398 1081 3460 per
1102 3380 1195 3440 suum
1216 3389 1289 3434 com·

271 3495 497 3544 memoratum.
551 3483 613 3544 Sed
628 3484 716 3565 quod
733 3485 772 3545 de
789 3484 827 3545 iia
844 3497 960 3550 narrat.
987 3481 1100 3542 sualica
1114 3482 1233 3546 audica,
1256 3467 1286 3530 td

272 3580 377 3654 Oritaa
403 3583 455 3646 vel
475 3583 736 3668 ichthyophagon
757 3585 866 3665 potina
886 3582 992 3645 referri
1013 3579 1124 3651 debet.
1151 3581 1226 3642 ultra
1242 3571 1285 3632 ha·

270 3681 417 3756 biremes,
444 3683 491 3746 uti
510 3683 589 3750 insra
606 3687 780 3749 notabitur.
833 3685 935 3767 Atque
954 3683 992 3746 stc
1008 3679 1147 3754 miscere,
1171 3680 1219 3742 rel
1233 3689 1283 3736 tnr·

269 3781 343 3847 bare
365 3787 502 3850 videtur.
566 3787 603 3848 ln
627 3785 745 3848 deserta
769 3785 806 3846 ad
828 3785 988 3848 Parthiam
1011 3801 1113 3865 neque
1134 3779 1282 3868 oppidum

265 3901 372 3967 meque
386 3885 521 3948 liuvinm
539 3889 729 3950 memoravit
748 3887 966 3958 Ptolemaeus,
991 3900 1022 3946 at
1043 3883 1233 3967 frequentem
1253 3877 1282 3934 iit

267 3984 342 4048 facit
358 3987 556 4051 Carmaniam
573 4007 691 4052 veram.
728 3987 863 4072 Subegit
877 3987 1075 4052 Carmaniam
1091 3989 1169 4048 olim
1187 3983 1280 4046 Ninus·

267 4087 421 4167 (Diodor.
440 4105 473 4161 Ω.
497 4092 549 4168 2.)
575 4089 643 4175 post
660 4091 763 4176 paruit
783 4089 900 4163 Perde,
926 4107 1064 4172 quorum
1087 4108 1156 4160 rex,
1187 4085 1280 4165 Cyrut.
