2748 4888
173 421 220 478 nt
244 421 390 480 POMP.
424 421 535 480 Mttt.
577 419 686 480 Lm.
729 419 762 480 C.
785 423 809 480 1.
849 419 930 494 §.8-
1034 435 1077 500 55

23 485 25 542 i

23 543 27 590 Ι

23 629 25 674 t
70 595 156 660 rietur
173 597 255 680 apud
270 598 403 660 Anton.
421 595 459 658 in
473 595 544 658 itin.
559 603 686 679 p.430.
710 592 767 677 qui
782 593 826 658 ott
840 614 923 678 pons
937 593 1077 660 Nortiae

66 700 191 784 ideogr.
207 699 360 762 Ravenn.
379 709 420 778 4,
444 707 506 778 45.
528 711 692 782 corrupte,
722 709 760 760 ut
781 717 821 760 ex
837 701 1077 779 comparatione

23 865 25 894 Ι
62 801 169 863 iocorum
200 799 234 861 in
259 803 444 864 Antonino
469 801 608 880 adparet.
662 797 794 862 Videtur
824 799 857 862 b.
881 797 943 862 effe
967 801 1076 864 Ninos

23 903 25 944 ³
60 901 173 974 tuma,
200 903 270 974 rei,
298 919 338 965 ut
355 904 394 963 in
416 901 502 963 Haiii
519 901 622 962 tabula
637 901 770 986 legitur.
795 899 924 980 Negva.
968 901 1076 985 anez

57 1023 104 1066 otu
118 1005 210 1066 habet.
246 1003 410 1066 Mannert
432 1025 465 1088 p.
480 1023 525 1065 m.
545 1003 629 1082 556.
648 1023 675 1065 c.
694 1003 715 1064 l.
737 1015 828 1084 pttttt
848 1000 908 1065 effe
926 1003 1076 1070 ervado.

57 1104 198 1168 licieudiut
211 1127 239 1169 r.
254 1105 278 1169 l.
302 1105 366 1178 fio:
398 1105 458 1166 nbi
480 1103 616 1166 Codavo
629 1104 793 1192 iungitur,
813 1101 870 1168 tub
885 1103 1008 1172 Cadaei
1018 1123 1077 1173 tto·

56 1207 211 1279 uideant,
234 1207 275 1270 ad
294 1207 466 1292 oppidum
482 1205 616 1270 Fanum.

108 1409 285 1493 Minius)
318 1411 378 1474 Sic
394 1422 429 1473 et
443 1407 566 1472 Graeci.
591 1407 724 1474 Nomen
739 1407 861 1474 traxiffe
876 1409 948 1474 vult
963 1409 1076 1480 inibo:
1205 1463 1211 1476 .

54 1519 99 1588 44.
116 1526 142 1592 5.
155 1529 185 1592 4.
208 1535 224 1575 a
247 1515 373 1585 minio,
400 1512 491 1574 cuiue
510 1509 572 1573 ioit
589 1511 748 1575 uberrimo
764 1512 817 1576 ilia
830 1515 937 1599 regio,
966 1533 1074 1596 qnam·

53 1631 124 1694 qaam
141 1615 326 1677 Hardtrinue
349 1613 394 1679 ad
415 1613 499 1676 Plin.
516 1623 552 1694 4,
580 1625 638 1694 34.
656 1611 678 1678 i.
698 1631 756 1678 ao.
779 1631 912 1685 monet,
945 1635 1075 1680 amnem

55 1714 101 1783 tit.
120 1719 168 1798 qui
187 1720 220 1778 iu
237 1737 319 1780 eum
345 1715 521 1786 inlabitur,
553 1715 632 1776 iilud
654 1715 812 1798 proferte.
840 1716 970 1779 testante
988 1717 1075 1780 idem

54 1812 167 1891 unite,
200 1820 293 1881 cuiue
313 1817 418 1882 rerba
439 1817 544 1879 reddit
560 1817 754 1880 Oibenartut
776 1819 810 1878 in
835 1817 948 1880 notitia
966 1817 1075 1880 Vasco·

53 1917 106 1979 tite
121 1931 196 2000 1,4„
214 1941 248 2004 p.
268 1933 330 1998 15.
361 1917 452 2002 quod
475 1938 587 2002 parum
608 1919 661 1982 bic
684 1921 851 2002 diecrepat.
902 1915 1018 1984 Strabo
1038 1931 1071 1997 3.

52 2035 75 2098 7.
92 2021 192 2100 ιο5.[
215 2035 299 2103 153.
326 2021 387 2082 [tro
403 2021 515 2082 ordine
532 2018 693 2107 subiungit
709 2021 869 2091 Limam,
892 2033 924 2083 et
938 2021 1073 2082 Daritim

23 2141 25 2154 ’
53 2121 124 2182 etiam
143 2126 262 2186 dicturo
285 2121 387 2186 fuiffo
409 2135 515 2193 notat,
548 2141 686 2206 proquo
707 2135 814 2186 tamen
830 2135 903 2186 ante
920 2121 1076 2185 Caianbo·

23 2299 24 2310 2
52 2241 111 2284 attur
132 2225 309 2290 Reiendiue
337 2226 375 2288 itt
399 2225 517 2305 antiqu.
541 2223 638 2286 Lniit.
661 2223 718 2289 lib.
737 2243 768 2290 o.
791 2245 823 2305 p.
841 2233 899 2300 78.
923 2225 1074 2288 emendat

23 2337 24 2380 t
54 2320 164 2402 Ναῐβις,
193 2347 342 2410 eumque
364 2338 524 2408 praeterea
547 2337 580 2388 et
593 2325 652 2396 ¹iittr
674 2340 707 2387 et
724 2327 889 2388 vicinitate
906 2326 1073 2408 tttriutqtte

51 2421 121 2487 invii
138 2429 244 2492 errasse
261 2439 377 2512 putat.
431 2426 590 2488 Omnium
608 2446 686 2490 vero
704 2428 880 2500 Luiitaoiae
894 2427 1075 2490 fluviorum

52 2529 197 2593 maximum
223 2529 372 2614 adpellat
398 2525 527 2598 Strabo,
561 2529 617 2610 qui
643 2529 681 2588 ad
712 2539 784 2606 8⁰⁰
809 2525 1075 2614 stadia,narigari

52 2625 130 2706 poilit.
163 2633 360 2696 Secundum
383 2628 590 2692 Pofidoniurn
614 2631 696 2712 apud
719 2630 911 2692 Strabonem
931 2649 970 2692 ex
993 2633 1076 2693 Can·

54 2728 125 2793 tabtie
143 2737 254 2798 oritur.
294 2735 344 2795 At
360 2742 491 2812 uterque
511 2729 585 2792 iulia
601 2733 731 2792 tradidit
746 2744 778 2793 et
794 2732 834 2794 de
851 2732 1074 2816 magnitudine

54 2843 77 2888 et
91 2834 123 2894 de
137 2838 279 2921 origiue,
318 2845 359 2893 ut
383 2847 466 2894 recte
484 2834 611 2894 monuit
628 2833 777 2894 Mannert
795 2853 826 2916 p.
840 2853 886 2895 tn.
904 2845 988 2912 557.
1005 2851 1033 2896 c.
1049 2833 1073 2903 1.

54 2927 85 2990 Er
99 2955 133 2996 ne
155 2937 356 3018 sicquidem
381 2935 471 3018 origo
487 2953 561 2996 vera
576 2933 634 3002 est,
661 2935 683 2995 ti
705 2931 740 2996 ss.
763 2934 824 3005 Sit,
851 2954 949 3015 quem
969 2933 1075 2998 adhuc

54 3030 189 3098 defidentri
215 3040 253 3099 iu
282 3033 484 3120 Biiichingio
516 3035 603 3098 idem
634 3049 740 3104 notat.
782 3035 945 3098 veteribue
977 3037 1075 3100 etiam

55 3127 150 3200 Minius
167 3139 240 3200 fuit.
284 3140 337 3200 An
357 3137 439 3216 apud
457 3138 592 3220 Appian.
608 3136 648 3198 de
664 3137 703 3200 Β.
721 3135 809 3218 Hisp.
825 3155 852 3198 c.
869 3151 928 3213 72·
945 3137 1077 3200 Nimius

53 3231 200 3302 ittuntur
220 3242 276 3301 vei
295 3235 438 3308 Naidis.
462 3238 672 3320 disceptatur.
698 3257 757 3300 nec
774 3237 845 3300 satie
867 3237 1077 3302 constitutum

53 3331 93 3398 ei.
125 3342 190 3404 vid.
210 3343 257 3402 ibi
281 3338 577 3422 Schweighaeuser.
594 3340 665 3403 Vol.
684 3353 716 3420 5.
738 3359 810 3425 pag.
829 3355 912 3420 297.
935 3353 969 3401 et
986 3353 1078 3402 tutet

53 3433 206 3505 Cabubon.
223 3446 265 3504 ad
282 3439 434 3503 Strabon.
446 3459 472 3501 c.
489 3441 512 3504 1.
538 3441 698 3523 Equidem
716 3441 921 3525 praetulerim
938 3441 1077 3514 Minius,
1126 3505 1133 3516 ,

52 3540 107 3616 quir
124 3545 158 3603 tic
173 3542 286 3626 lapiue
303 3538 365 3601 init
379 3543 528 3624 pronior,
555 3561 615 3604 nec
636 3543 716 3605 ordo
737 3555 907 3628 repugnat.
959 3541 1079 3608 Naebie

52 3642 136 3712 euim.
167 3647 260 3726 qnod
291 3644 330 3704 ad
355 3644 485 3704 aiteram
513 3644 702 3726 opinionem
734 3645 878 3714 induxit.
911 3663 1079 3728 nonquam

52 3737 172 3819 Ναίβιος
189 3748 332 3816 dicitur,
359 3744 412 3806 vel
429 3741 564 3822 Νέβιος,
591 3745 640 3806 uti
663 3747 697 3807 in
715 3744 815 3830 genit.
833 3742 976 3806 scribitur
993 3745 1079 3830 apud

50 3839 269 3908 Ptolemaeum.
329 3846 380 3908 td
402 3846 489 3906 hunc
510 3866 588 3909 vero
613 3860 706 3908 tenne
731 3845 867 3907 fluvium
892 3847 925 3908 in
951 3847 1079 3932 expedi·

52 3943 126 4007 tione
145 3946 328 4034 progrelios
355 3947 474 4009 Brutus
501 3949 639 4010 Romam
670 3947 747 4010 inde
771 3949 920 4022 revertit,
954 3960 991 4010 ut
1012 3965 1078 4012 ute·

52 4061 137 4109 morat
151 4051 289 4121 Strabo.
317 4063 350 4111 et
365 4067 444 4132 quot
460 4049 506 4110 ibi
523 4049 670 4114 nominat
687 4045 901 4114 Criaubonttt.

23 4301 26 4332 Ι
92 4247 180 4324 Pomp.
196 4249 291 4306 Mein·
315 4249 429 4323 Exeget.
447 4247 485 4305 L.
498 4249 551 4306 ΠΙ.
792 4249 820 4318 G
