2746 4894
153 419 206 478 rn
233 416 368 476 roror.
399 417 506 476 rozi.
547 417 661 476 nnc
703 349 836 480 cvm·
878 415 957 488 Μ·
1019 426 1083 498 ³49

59 615 108 682 pro
121 587 265 682 ’Δρᾶβων
291 593 428 675 populos
445 591 519 655 facit
534 591 730 674 Stephanae,
762 590 831 654 vid.
850 587 1019 658 Berkeliur
1042 593 1083 655 ad

21 683 23 698 ³
61 698 194 780 Stephon.
218 717 288 780 pag.
307 697 392 776 614.
434 692 587 758 Stuckiuc
610 695 646 754 ad
673 693 796 755 Arriani
819 694 978 777 peripsum
1005 694 1083 770 Ery·

60 801 191 862 thracum
208 819 238 880 p.
257 809 306 876 40
323 796 364 879 sq.
391 797 540 859 Bochart.
563 796 597 856 in
614 795 732 880 l’haieg
750 810 782 865 Ω,
808 805 864 872 ¹5·
893 793 1019 856 Salmas.
1038 797 1083 858 nd

60 903 144 966 Sosin.
163 915 220 981 55.
242 898 263 960 s.
283 900 341 977 36.
358 918 390 981 p.
411 919 454 961 m.
471 911 541 976 353
560 895 601 979 sq.
625 911 659 960 er
679 899 719 957 dc
743 915 855 958 eorum
872 896 967 959 rebor
990 896 1084 981 gestio

59 1001 121 1064 saec.
134 1003 165 1065 6.
198 1000 322 1062 Walcb.
340 1001 382 1062 Τ.
400 1011 435 1082 4.
460 1019 575 1063 novor.
604 1014 812 1061 commentar.
842 997 946 1062 societ.
972 998 1081 1061 scient.

61 1101 264 1188 [ioettingens.
288 1105 384 1167 Tnm.
401 1113 437 1180 4.
462 1122 534 1186 pag.
555 1123 565 1160 ι
587 1100 649 1182 sqq.
702 1101 754 1162 De
778 1097 841 1183 ipsa
867 1119 945 1162 vero
970 1101 1084 1163 Arabia

61 1207 164 1287 opsime
180 1205 330 1268 Arrianus
343 1204 378 1266 in
394 1205 517 1286 periplo
532 1222 564 1285 p.
584 1215 616 1280 5.
636 1199 777 1280 (Hnds.>
802 1199 937 1264 sciere:
966 1193 1085 1266 Eiici-

61 1329 117 1396 μων
145 1301 283 1394 ’Δραβία
318 1300 411 1392 κώμη
443 1298 715 1391 παραθαλάσσιος
744 1296 862 1392 ὅρμους
894 1301 951 1391 μὲν
979 1300 1085 1393 incrip-

61 1403 145 1482 δείους
165 1403 219 1472 καὶ
245 1397 433 1496 ὑδρεύματα
458 1401 648 1493 γλυκύτερα
673 1402 817 1489 κρεῖσσον
840 1405 899 1490 τῆς
918 1401 1086 1492 Ὀκὴλεως

61 1503 181 1594 ἔχουσα.
233 1507 324 1572 Priuo
350 1508 425 1571 urbs
451 1506 527 1576 suit.
567 1528 646 1588 quac
674 1507 785 1569 Felicio
812 1525 932 1569 nomen
961 1507 1084 1580 babuit,

61 1613 130 1692 qnod
152 1610 230 1672 olim
254 1612 411 1672 indorum
436 1623 469 1670 et
491 1611 723 1695 Aegyptiorum
753 1627 873 1672 mercer
900 1609 1084 1692 recipiebat.
1166 1601 1169 1607 ’

61 1709 155 1775 Paullo
177 1727 252 1774 ante
271 1712 392 1773 Arriani
415 1727 558 1792 tempora
575 1709 731 1796 Augustus
753 1709 864 1773 Caesar
882 1711 1084 1778 destruxerat.

60 1809 168 1874 Vossius
191 1834 208 1875 a
228 1815 384 1876 Romania
407 1813 510 1894 possea
536 1813 735 1874 instauratam
766 1825 874 1896 putat,
908 1833 943 1875 ac
966 1814 1085 1878 dieram

60 1895 230 1992 Eriporium
255 1915 453 1985 Romanum,
485 1915 532 1974 uti
556 1915 734 1997 adpeiietur
754 1912 1001 1999 ani10siorgio
1025 1910 1085 2003 [in

59 2013 115 2077 bisi.
132 2015 237 2079 eccles.
255 2015 311 2079 lib.
329 2029 360 2096 3.
377 2036 443 2097 cap.
462 2026 495 2095 4.
515 2014 536 2078 s.
562 2018 618 2098 qui
639 2015 772 2078 Adanen
795 2016 904 2076 vocari
928 2011 1024 2102 dicit]
1047 2037 1085 2082 ac

60 2119 144 2178 medii
164 2120 235 2180 aevi
253 2116 466 2200 scriptoribus.
507 2119 604 2201 Quod
627 2132 718 2179 notat
735 2115 889 2179 Stuckius
911 2119 949 2179 ad
964 2120 1084 2182 Atrion.

59 2237 85 2299 p.
98 2218 151 2297 46.
174 2221 260 2303 apud
275 2220 444 2280 Aetbicum
459 2220 492 2279 in
503 2217 762 2304 cosmographia,
783 2219 870 2294 (vid.
887 2239 919 2300 p.
931 2233 1013 2296 707.
1033 2223 1086 2286 ed.

61 2317 212 2401 Gronov.)
240 2333 510 2383 commemoratur
528 2323 610 2382 inter
633 2318 751 2383 sarnosa
771 2321 941 2383 Orientniio
962 2321 1085 2384 Oceani

60 2423 171 2502 oppida.
217 2421 327 2499 Adde,
357 2422 443 2503 quod
468 2425 553 2484 idem
573 2443 644 2507 pag.
661 2437 745 2498 721.
768 2423 800 2482 in
821 2421 949 2506 oppidis
963 2423 1085 2486 Oceani

61 2523 211 2585 meridirni
229 2521 383 2585 Arabiam
406 2527 509 2605 ponit.
561 2523 610 2585 Ab
629 2523 735 2592 Oceli,
755 2523 836 2585 resin
853 2525 1003 2597 Arriano,
1028 2527 1086 2588 cir·

62 2624 126 2687 citer
139 2625 268 2688 distabat
288 2640 380 2687 cono
399 2624 513 2687 stadiis.
545 2626 631 2687 Sirus
652 2625 750 2687 hodie
764 2627 918 2687 convenit
933 2627 967 2688 in
984 2627 1085 2693 Aden.

61 2724 370 2790 vid.stuckiuee.1.
393 2740 426 2787 ct
446 2727 479 2786 in
502 2727 614 2808 primis
639 2726 802 2810 Biisching
822 2725 860 2789 P.
880 2737 913 2804 5.
934 2729 1033 2792 Tom.
1055 2751 1084 2794 1.

62 2845 87 2907 p.
106 2849 146 2891 m.
171 2827 256 2910 691.
294 2825 334 2889 cs.
362 2839 396 2890 ct
422 2827 572 2889 Niebuhr
600 2825 814 2890 siessebeschr.
841 2829 921 2890 nach
949 2831 1085 2892 Arabien

63 2928 117 2990 Vol.
133 2946 165 2993 o.
179 2949 254 3015 pag.
272 2941 356 3010 259.
374 2943 407 2990 et
423 2929 572 2991 Mannert
593 2947 664 3013 pag.
683 2944 740 3004 71.
758 2950 785 2993 c.
803 2929 823 2992 l.
862 2931 913 2992 De
938 2930 1085 3006 Gadnmo

61 3032 132 3111 quod
146 3031 305 3102 adseram,
331 3049 399 3092 non
415 3029 537 3102 habeo,
562 3042 623 3093 nec
638 3031 690 3092 nii
705 3030 897 3095 babuerunt.

124 3235 261 3298 astera
269 3234 289 3316 )
330 3235 421 3318 Quae
435 3231 550 3296 sinistra
566 3233 609 3297 est
626 3208 876 3298 introeuntibur.
896 3253 1085 3301 vnororcvr.

61 3331 103 3396 De
114 3335 260 3398 Berenice
276 3335 344 3400 vid.
361 3337 570 3419 disputacio
583 3349 653 3402 not.
671 3339 739 3402 crit.
755 3357 787 3424 p.
805 3345 878 3413 282
896 3335 959 3421 sqq.

125 3535 366 3620 Strobilum)
400 3537 593 3625 Cognomen
608 3541 666 3603 cia
683 3537 784 3603 sonna
799 3541 950 3614 inditum,
970 3563 1086 3627 nempe

63 3636 284 3702 asimiiitudinc
300 3641 393 3702 nucis
409 3643 532 3724 pineae.
567 3643 766 3705 Traiativum
783 3643 869 3726 apud
885 3643 1030 3716 Graecor,
1050 3659 1086 3707 ut

63 3755 175 3804 montes
197 3755 231 3802 et
255 3745 477 3825 promontoria
509 3738 734 3832 στροβιλοειὸἧ
759 3745 916 3807 dicantur.
976 3744 1085 3810 Prole·

62 3856 156 3904 moene
173 3857 280 3905 autern
296 3857 390 3904 vocat
405 3845 553 3909 Pharan.
579 3865 722 3909 voscrvs.
774 3845 811 3907 sn
833 3845 937 3907 tabula
954 3848 1085 3910 Dnnvil·

62 3938 145 4013 lianc.
169 3965 263 4026 quam
279 3943 440 4005 subiunxit
455 3946 659 4031 descriptioni
674 3947 757 4010 finon
776 3945 898 4008 Arabici
921 3951 974 4027 (v.
990 3949 1085 4031 ipsruc

63 4037 223 4108 Memoirec
246 4044 294 4107 sur
310 4045 329 4107 1‘
338 4047 484 4130 Egypte)
506 4051 573 4110 duo
594 4049 815 4130 promontoria
838 4045 919 4110 infra
935 4049 1015 4112 Suee
1037 4053 1085 4112 in·

61 4149 247 4212 coeuntibue
271 4151 307 4212 io
331 4148 434 4212 sinum
457 4151 497 4212 ad
520 4150 671 4216 sinistrum
694 4149 910 4224 obiiciuntur,
943 4171 1083 4233 quorum
