2748 4888
459 1129 606 1198 ctr.
655 1131 684 1196 i.

202 1297 482 1352 literatorie
531 1299 625 1348 OM
678 1297 945 1352 HTEMOB·

512 1489 544 1568 §.
596 1506 628 1552 ι.

53 1580 124 1690 D
131 1627 246 1711 ieta)
281 1629 309 1692 1.
326 1647 356 1692 e.
374 1625 537 1712 descripte.
556 1643 707 1702 enarrata,
731 1631 781 1693 uti
797 1641 912 1715 poetae
928 1627 969 1692 de
983 1629 1094 1692 carmi·

49 1732 142 1793 nibus
159 1729 373 1813 frequentant.
399 1729 514 1824 Ntssri
532 1731 641 1796 murts.
671 1729 724 1798 Cf.
738 1733 776 1796 ad
797 1751 828 1806 t,
848 1751 879 1805 t.
894 1740 930 1810 4.
947 1751 980 1814 p.
990 1741 1037 1814 45
1048 1729 1092 1814 tq.

122 1901 356 1984 circuitus)
405 1901 500 1964 Unne
514 1919 644 1984 unoque
660 1901 810 1985 amplexu
826 1899 974 1964 exstantia
992 1913 1092 1962 terrae

51 2000 243 2086 superficiem
266 2003 410 2066 ambient
430 2017 540 2066 contra
556 2001 720 2068 Ciceronie
741 2017 774 2066 et
790 2003 946 2066 Macrobii
969 1997 1093 2064 senten·

51 2107 138 2176 tiam.
165 2106 221 2188 qni
237 2103 401 2169 retniirtie
420 2102 518 2167 secuti
533 2107 685 2168 incertam
704 2105 801 2168 fidem
819 2107 1036 2168 Antoecornm
1057 2115 1093 2166 et

52 2208 248 2290 antipodum
271 2219 481 2290 temperatam
502 2227 519 2268 a
544 2205 645 2269 nostra
662 2207 866 2272 interfluente
880 2207 1010 2271 oceano
1031 2205 1090 2270 cir·

50 2312 197 2371 cumcirco
214 2306 346 2392 separari
367 2323 530 2392 putarunt.
565 2327 754 2374 venrtrtvt·

118 2478 275 2562 t'rtt'tt'o)
328 2475 538 2561 Cf.r‚1.5.

120 2639 452 2738 infinitumque)
500 2649 768 2722 interminatum,
801 2645 887 2732 qnod
911 2645 950 2709 ad
978 2643 1088 2732 vulga·

51 2769 112 2811 rem
135 2765 265 2833 captum
288 2749 493 2813 referendum
515 2751 568 2815 eii.
626 2750 709 2814 Nam
734 2766 820 2814 extra
849 2763 947 2838 terrae
971 2745 1087 2811 solidae

50 2851 134 2914 litora
148 2853 206 2912 alia
221 2871 289 2914 non
306 2853 466 2923 videntur,
489 2871 568 2934 quae
584 2855 793 2915 terminarent
809 2853 985 2915 Oceanum.
1023 2849 1087 2912 Sed

51 2973 80 3016 re
93 2974 164 3016 vera
180 2953 281 3016 ooiira
296 2955 387 3016 litora
404 2955 534 3017 Oceano
554 2955 692 3016 limitem
711 2955 862 3018 statuunt.
916 2951 1043 3034 Alioqui
1062 2949 1087 3013 ii

53 3051 101 3118 ino
122 3057 245 3138 potitur
264 3055 336 3118 loco
355 3069 470 3118 terram
491 3055 666 3128 occuleret,
693 3057 778 3118 iilam
796 3055 884 3142 globi
905 3053 1085 3116 rotundita-

52 3169 127 3228 tem,
152 3175 248 3238 quam
264 3156 364 3220 hodie
385 3177 446 3220 nne
463 3159 540 3218 cum·
558 3156 705 3220 exstantis
726 3173 825 3220 terrae
846 3155 1022 3240 superficie,
1047 3167 1085 3214 nt

51 3253 250 3342 receptiffima
267 3255 419 3321 sententia
431 3257 491 3330 est,
516 3255 631 3331 efficit.
658 3257 740 3322 solue
756 3257 819 3342 ipie
835 3257 1027 3327 absolveret,
1050 3265 1085 3318 et

53 3359 188 3422 infinitae
220 3360 395 3431 diceretur.
429 3361 518 3446 qnod
552 3362 586 3422 in
608 3361 698 3423 omni
722 3363 865 3424 rotundo
895 3361 1015 3422 incerte
1040 3353 1085 3421 est

53 3461 129 3525 initii
149 3462 287 3544 finirque
309 3461 522 3548 praescriptio.
558 3481 747 3528 venrtnra.

117 3628 321 3726 aestibus)
367 3629 497 3726 Aestus.
528 3631 615 3716 qnod
643 3648 735 3698 notat
761 3631 901 3695 iiidorut
921 3631 1003 3715 orig.
1027 3641 1083 3710 13,

60 3745 108 3814 ¹8·
121 3733 163 3796 ad
178 3732 340 3796 Oceanum
352 3735 501 3816 pertinet.
517 3725 647 3826 fretum
661 3734 707 3798 ad
720 3745 885 3817 unumque
899 3753 993 3794 mare.
1030 3731 1083 3794 Sic

54 3834 165 3899 Plinina
182 3851 216 3907 n.
237 3852 299 3916 99.
315 3831 336 3898 i.
356 3849 415 3916 97.
438 3837 556 3922 aliique
576 3835 692 3900 dehac
714 3837 809 3899 marie
830 3836 1004 3921 agitatione
1026 3851 1084 3896 vo·

57 3955 116 4000 tem
132 3936 292 4022 usurpant.
345 3937 436 4002 Mare
455 3955 565 4002 antem
586 3938 750 4002 internum
771 3939 804 3999 in
828 3937 985 4021 pierieque
1006 3935 1084 3998 locir

59 4057 114 4102 non
128 4043 263 4123 petitum
294 4059 389 4122 qnare
412 4039 513 4105 aeiiua
527 4042 646 4105 Oceani
671 4039 828 4128 incogniti
844 4053 933 4105 erant
949 4035 1087 4102 Caesarie

60 4141 213 4208 militibna.
250 4141 321 4206 vtd.
337 4141 378 4207 de
393 4141 433 4208 B.
450 4141 490 4210 G.
507 4153 543 4226 4,
564 4159 625 4226 29.
642 4143 689 4208 in.
