2748 4888
298 443 339 492 2⁰
567 431 730 493 NOTAE
771 434 1077 492 Exaoarlcta

300 607 421 672 illaesi.
461 606 530 671 tria
549 607 686 670 succedit
707 609 881 680 dubitatio,
903 630 943 671 an
960 608 1045 670 Mela
1061 606 1216 671 Cunnum
1236 621 1356 690 agrum

300 711 561 794 promontorium
579 711 704 782 dixerit,
732 726 765 772 et
786 731 802 772 a
819 713 911 774 Sacro
929 709 1107 774 seiunxerit.
1152 707 1354 776 Resenrlirra,

302 825 412 875 motor
435 809 559 874 sorlitan
583 811 643 873 hac
664 810 866 883 difficultate,
901 814 933 874 in
957 814 1102 892 antiquit.
1121 811 1220 871 Lufit.
1243 811 1304 869 lib.
1319 819 1353 884 4.

301 935 336 998 p.
353 933 398 976 m.
421 925 497 990 178.
520 917 738 996 promontoria
758 915 811 974 hic
827 915 979 997 explicat,
1013 933 1079 975 non
1101 924 1354 974 terraemotum

300 1015 480 1085 cacumina,
510 1034 591 1097 qnae
618 1018 696 1076 utari
722 1019 931 1086 immineant,
965 1015 1015 1077 sed
1042 1029 1128 1076 rotor
1156 1016 1264 1074 etiam
1292 1013 1352 1072 late

300 1129 435 1187 tractor,
467 1119 523 1198 qni
553 1117 683 1178 tandem
723 1119 870 1180 acumine
904 1119 936 1178 in
969 1137 1055 1177 mare
1087 1115 1246 1177 defluant.
1302 1113 1353 1174 Sic

300 1219 414 1280 Liriue
438 1229 575 1299 21.35‚
601 1230 634 1295 8.
661 1211 857 1308 praegreffits
877 1217 1046 1280 Hannibal
1065 1219 1097 1278 iu
1121 1213 1351 1296 promontorio

299 1319 439 1402 quodam
458 1353 510 1366 -
533 1319 663 1380 ltaliam
694 1319 851 1414 oslcrrtat,
894 1321 1044 1401 idemque
1076 1321 1225 1400 adparere
1257 1327 1351 1396 putat

299 1439 340 1484 ex
363 1419 466 1482 Melae
488 1418 711 1502 descriptione.
763 1423 800 1483 in
821 1422 917 1483 Livio
938 1424 1068 1503 quidem
1086 1421 1128 1482 est
1149 1421 1180 1479 in
1204 1419 1351 1502 pianum

303 1521 423 1586 axilana
444 1535 476 1585 et
499 1525 685 1604 prominens
706 1522 836 1606 Alpium
856 1543 959 1606 rupea.
1011 1521 1123 1586 Strabo
1146 1540 1255 1580 unum
1282 1532 1348 1578 tan·

301 1637 373 1686 turn
396 1626 524 1687 Sacrum
545 1627 804 1708 promontorium
831 1627 864 1686 in
885 1625 1000 1689 Cuneo
1021 1642 1095 1708 agro
1117 1620 1284 1706 agnoscit,
1315 1631 1349 1680 et

299 1727 387 1808 quod
416 1719 597 1809 longiffime
623 1724 720 1788 exstet
746 1725 784 1788 ad
811 1726 1029 1797 occidentem,
1061 1739 1094 1784 et
1116 1723 1346 1787 Artemidorus

300 1847 375 1890 cnm
390 1829 520 1912 navigio
539 1828 746 1909 compararit.
780 1828 865 1893 Plio.
884 1839 918 1906 4,
937 1839 994 1906 55.
1013 1825 1033 1891 l.
1052 1842 1110 1888 ao.
1131 1827 1195 1885 duo
1217 1824 1277 1884 hic
1300 1841 1345 1883 re·

302 1929 416 1999 censet,
439 1930 568 1990 Sacrum
583 1941 617 1989 et
633 1927 784 1994 cuneum.
821 1929 906 1992 Mela
921 1942 1026 1990 autem
1043 1948 1081 1989 ex
1104 1927 1166 1987 hoc
1186 1943 1267 2009 agro
1287 1925 1344 1983 tria

299 2030 418 2093 exstare
434 2031 522 2098 dicit,
537 2048 673 2110 quornm
690 2049 794 2091 unum
807 2031 940 2099 Cuneus.
960 2034 1094 2091 alterum
1112 2028 1256 2099 Sacrum,
1283 2038 1343 2086 ter·

301 2131 384 2192 tium
405 2129 565 2209 Magnum
591 2129 716 2192 dicitur.
756 2132 829 2195 vid.
849 2133 968 2194 Penzel
987 2133 1024 2192 ad
1050 2129 1196 2193 Strabon.
1214 2128 1293 2191 vot.
1312 2144 1341 2188 t.

298 2251 333 2314 p.
350 2232 435 2313 604.
475 2231 522 2291 lta
538 2250 616 2292 raro
630 2231 837 2317 intelligenda
851 2233 910 2295 elle
926 2235 982 2294 tria
1003 2227 1142 2320 apciora,
1166 2250 1248 2312 qnae
1267 2227 1341 2290 telle

272 2383 274 2388 .
300 2331 457 2394 Strabone
480 2332 523 2392 ibi
549 2332 765 2396 Artemidorus
789 2333 910 2417 posuit,
941 2350 1053 2397 monet
1074 2331 1284 2396 Casanbonua
1309 2339 1341 2390 et

300 2431 456 2495 similibna
476 2435 628 2516 exemplis
648 2434 801 2500 inlustrat.
838 2436 997 2498 Vadimus
1020 2435 1098 2497 haec
1114 2437 1170 2495 tria
1186 2449 1341 2516 promun-

299 2535 381 2596 toria
399 2553 465 2596 non
479 2548 565 2596 recte
580 2537 754 2608 intellexit,
780 2550 814 2599 et
827 2537 906 2598 ultra
922 2537 1073 2600 Cuneum
1091 2555 1201 2620 agrum
1218 2535 1339 2613 reliqua

300 2634 368 2697 duo
384 2635 553 2717 quaesivit,
581 2638 622 2698 ita
640 2652 676 2699 ut
690 2638 821 2701 Cuneua
844 2637 879 2699 stt
899 2639 995 2701 hodie
1014 2634 1104 2701 cato
1121 2637 1152 2698 S.
1172 2635 1207 2700 V
1205 2637 1337 2710 incente,

299 2735 486 2799 Ptolemaeo
511 2753 544 2809 o,
571 2749 604 2815 5.
631 2742 890 2820 promuntorium
919 2741 1066 2808 Sacrum,
1099 2740 1228 2800 Sacrum
1261 2750 1337 2795 veto

300 2833 508 2909 Barbarum,
536 2841 667 2900 tertium
685 2841 796 2902 Lunae
809 2842 927 2902 montis
945 2841 1211 2918 promontorium,
1239 2853 1336 2920 quent

298 2937 374 3000 ideo
397 2941 523 3000 notarit
541 2939 717 3004 Resentliua
740 2943 794 3005 lib.
818 2963 846 3005 t.
868 2962 899 3024 p.
916 2963 960 3004 m.
983 2962 1034 3004 to.
1050 2961 1077 3003 c.
1094 2941 1114 3002 l.
1168 2938 1235 3020 lpse
1259 2952 1336 2998 vero

298 3037 355 3102 lib.
374 3048 409 3119 4.
432 3060 463 3122 p.
482 3061 526 3103 m.
549 3052 628 3118 178.
649 3042 801 3106 Cuneum
825 3043 857 3104 h.
880 3044 1014 3124 adpellat
1044 3039 1132 3102 (labo
1158 3041 1189 3101 S.
1214 3039 1336 3105 Maria,

298 3141 429 3204 sacrum
461 3139 549 3203 Cato
575 3142 607 3205 S.
633 3143 801 3215 Vincetur,
832 3143 920 3225 prisci
949 3159 1053 3205 tamen
1082 3143 1224 3204 nominis
1247 3138 1336 3201 velli·

297 3243 388 3325 gium
407 3244 442 3303 in
458 3244 577 3326 oppido
594 3243 687 3306 Sacri
707 3247 809 3308 adhuc
825 3245 939 3307 serrari
960 3247 1012 3307 ait.
1052 3243 1236 3306 Secundum
1253 3242 1336 3302 Stra·

297 3341 418 3406 bonam
435 3363 465 3429 5.
483 3366 515 3428 p.
534 3355 592 3424 95.
611 3345 727 3426 [139.
750 3360 921 3428 utrumque
937 3345 1049 3406 maiori
1070 3364 1109 3407 ex
1125 3360 1211 3426 parte
1226 3343 1335 3405 Celtae

296 3455 330 3504 et
350 3445 491 3506 Lufitaui
513 3446 713 3518 habitabant,
745 3448 859 3529 quibua
882 3448 1084 3509 Ptolemaeus
1105 3446 1194 3507 addit
1215 3444 1336 3506 Turde·

298 3554 401 3607 tanoa.
440 3549 489 3608 Da
502 3549 629 3628 Magno
650 3563 756 3610 autem
773 3550 872 3619 nihil,
897 3568 956 3610 nec
970 3549 1013 3610 eil
1029 3549 1061 3609 in
1079 3547 1141 3608 lroc
1156 3558 1256 3607 tractu
1278 3559 1335 3605 ter·

296 3643 381 3704 tium
396 3652 667 3727 promontorium.
716 3651 803 3733 Quid
827 3649 946 3734 igitur?
979 3651 1100 3711 Putant
1121 3650 1151 3708 h.
1168 3646 1227 3709 elle
1246 3641 1335 3710 Cobo

297 3743 337 3805 de
359 3745 468 3819 floro,
500 3763 539 3811 ut
564 3750 714 3812 Mannert
736 3773 769 3832 p.
795 3772 838 3814 m.
857 3766 941 3829 520.
974 3752 1060 3830 quod
1084 3748 1268 3810 Ptolemaeo
1294 3743 1335 3807 esi

295 3844 410 3908 Ionae
432 3853 548 3913 montis
570 3853 830 3933 promontorium.
882 3853 973 3933 Apud
999 3851 1083 3913 Plin.
1098 3861 1132 3928 4,
1157 3861 1214 3929 55.
1233 3849 1253 3910 s.
1275 3865 1331 3911 at.

296 3948 433 4010 occurrit
455 3951 633 4033 Magnum,
659 3954 745 4035 quod
762 3953 800 4015 ab
817 3953 885 4015 aliia
907 3953 1002 4014 etiam
1021 3941 1260 4042 Oli'fipponense
1279 3967 1332 4010 vo·

296 4062 403 4111 catum
425 4050 486 4114 elle
501 4055 607 4124 addit,
639 4057 785 4135 quamvis
807 4075 879 4116 curn
898 4053 1031 4116 Artabro
1048 4051 1168 4114 miscet.
1212 4045 1331 4136 Quodli

295 4171 373 4216 roro
394 4156 437 4215 ita
466 4152 525 4228 est,
571 4174 632 4219 nec
654 4155 785 4220 ridetur
824 4158 914 4220 aliter
938 4154 997 4219 else
1022 4153 1126 4238 polle,
1167 4151 1329 4236 quomodo
