2748 4888
216 365 272 430 ΙΝ
298 365 439 428 rom.
469 365 576 425 MEL
617 367 725 424 Lsss.
768 367 847 426 c.t.
887 365 1021 438 §.nm
1126 377 1148 438 7

90 543 148 604 Ita
165 561 197 606 v.
213 561 243 606 c.
260 549 298 621 4.
320 543 424 624 erigit
447 559 514 604 non
543 541 582 602 ed
608 539 782 613 cedentem,
824 540 876 604 sed
900 539 940 604 td
959 531 1144 634 sequentem

88 641 203 708 solum
222 643 351 706 hostem
370 639 573 707 referendum
595 643 737 706 videtur.
778 641 831 706 Cs.
849 643 996 706 Sanctiuc
1010 658 1043 706 et
1058 644 1143 708 Peri·

81 765 172 809 zon.
192 753 229 826 4,
252 755 287 821 8.
315 759 385 809 not.
411 757 446 822 5.
490 749 673 807 uiicuuttre
704 745 737 806 irc
767 741 945 834 prolusione
961 735 1065 836 schol.
1096 743 1144 808 od

81 847 223 908 Melam
237 837 375 938 specim.
397 861 453 923 t7.
504 844 605 930 lpstm
626 867 693 908 rem
717 847 769 908 clii
791 847 886 908 etiam
903 845 1020 909 eodem
1039 846 1143 912 verbo

84 948 148 1010 nsi
168 949 326 1011 indicant.
367 949 420 1010 Sic
435 948 543 1034 Virgil.
560 947 662 1032 eclog.
684 967 713 1018 t.
731 948 791 1012 61.
813 959 844 1010 et
855 939 953 1038 freto
973 945 1143 1042 destituent

86 1051 205 1111 nudos
219 1052 253 1110 iri
268 1049 361 1111 litore
373 1041 485 1140 pisces.
521 1050 620 1112 Ociti.
637 1049 661 1110 F
662 1047 751 1114 ustor.
768 1067 800 1133 3.
818 1060 878 1126 59.
900 1046 989 1110 uodo
1003 1041 1144 1140 refugiet

83 1153 143 1212 Irr
155 1147 253 1242 ficta
271 1152 362 1231 pueri
380 1149 594 1244 destituuntur
614 1150 719 1212 licimo.
759 1145 934 1214 Crffiodor.
952 1151 1039 1216 Vtrr.
1054 1151 1142 1214 lectt.

89 1267 136 1330 ¹7,
161 1253 198 1315 6.
220 1252 321 1314 Nilus
347 1253 467 1314 iricolor
481 1243 562 1344 suos
587 1265 646 1313 ortt
667 1251 821 1314 vertendo
841 1265 955 1326 terret,
986 1265 1046 1316 cut
1066 1273 1145 1315 rece·

87 1351 207 1416 dendo
236 1351 391 1448 destituit.
443 1355 507 1417 Pro
531 1373 570 1416 eo
593 1353 737 1436 Propert.
760 1367 793 1426 9,
823 1367 877 1424 tt,
900 1363 959 1434 34.
981 1353 1091 1417 aridus
1110 1365 1144 1418 ct

75 1452 184 1548 ficeo
203 1457 332 1536 gurgite
352 1445 453 1546 piscis
470 1455 543 1518 erit.
595 1453 713 1518 Seuecr
736 1455 777 1517 de
798 1451 888 1517 bertr
909 1451 976 1520 rite
997 1475 1064 1540 ccp.
1088 1463 1144 1536 ¹4·

88 1561 133 1620 ire
142 1553 241 1648 sicco
262 1555 405 1640 relinqui.
438 1555 490 1620 cf.
505 1555 682 1620 Burmann.
700 1555 738 1618 cd
757 1557 900 1639 l'ropert.
916 1576 943 1619 c.
960 1557 981 1620 l.
1021 1559 1070 1620 De
1088 1557 1144 1620 ssu·

87 1659 246 1720 mhibue
273 1670 307 1720 et
328 1657 466 1723 nivibuc
489 1657 577 1722 idem
601 1659 782 1722 luculenter
807 1655 955 1722 describit
977 1659 1089 1724 stabo
1108 1671 1144 1742 3.

87 1781 127 1845 9
145 1771 210 1842 98·
231 1757 255 1823 t
276 1767 360 1842 ²43·

270 1965 364 2042 §.m
415 1962 673 2046 anhelitum)
729 1963 782 2027 ste
806 1959 994 2046 Apolloniut
1015 1959 1146 2037 censuit.

96 2067 141 2130 de
165 2083 235 2150 quo
263 2061 305 2126 ci.
326 2063 505 2128 Philostrct.
531 2066 564 2127 in
588 2068 658 2128 eiuc
682 2067 747 2126 vito
771 2063 827 2128 sib.
846 2075 879 2142 5.
897 2083 964 2147 cop.
984 2081 1017 2129 9.
1045 2079 1077 2128 et
1106 2061 1147 2128 lic

95 2169 244 2230 Eumen.
266 2166 302 2227 in
321 2168 515 2252 panegyrico
536 2162 575 2229 id
597 2166 759 2229 Constant.
773 2164 861 2229 Caes.
874 2186 902 2228 c.
921 2165 953 2236 6.
969 2177 1005 2250 4.
1025 2166 1148 2228 anheli·

95 2284 169 2332 trem
193 2270 328 2332 Oceano
350 2269 472 2330 tribuit.
510 2267 623 2330 Strabo
644 2290 729 2352 1.·p.
754 2269 813 2346 36.
832 2265 853 2332 s.
870 2279 928 2345 53.
949 2259 1060 2334 'Eorrcc
1080 2265 1147 2355 γοῖρ

96 2371 170 2446 τοῖς
200 2365 314 2456 ζώοις,
357 2361 510 2456 καθάπερ
540 2365 645 2432 ἐκεῖνα
677 2367 824 2456 συνεχῶς
858 2365 997 2436 ἀναπνεῖ
1018 2391 1056 2434 τε
1088 2359 1146 2435 καὶ

98 2468 223 2538 inriti.
263 2469 315 2535 Gi.
334 2469 460 2534 Salmas.
478 2471 517 2534 cd
533 2471 636 2536 Solio.
656 2493 688 2555 p.
705 2491 749 2536 m.
770 2480 853 2550 t5t.

180 2671 376 2756 regeret)
423 2669 615 2747 Rescrbcct.
640 2673 794 2747 retrchtt.
824 2673 980 2739 rcflucutc
1006 2673 1150 2740 Omne.

100 2795 295 2840 riunire.

60 3005 69 3018 ·
182 2976 473 3062 doctioribus)
524 2979 606 3044 Satio
635 2991 723 3063 potet
748 2977 808 3042 elie
833 2980 891 3044 hcc
919 2977 1089 3042 sententitc
1110 2975 1151 3041 cb

101 3081 309 3170 philosophie
330 3083 467 3164 antiquie
485 3079 604 3153 editur.
637 3102 676 3144 ex
697 3083 814 3164 quibui
836 3081 914 3144 hoec
929 3095 995 3145 erat
1012 3079 1154 3143 Platoni·

106 3205 240 3256 corum.
272 3195 309 3244 ut
331 3197 422 3246 notet
444 3183 557 3246 Cicero
581 3183 622 3247 de
646 3183 690 3248 N.
713 3186 754 3246 D.
774 3197 807 3254 9,
826 3197 859 3262 8.
883 3197 915 3246 et
938 3183 1154 3246 diversitatem

106 3289 227 3350 horum
248 3281 473 3348 sententiarum
496 3285 530 3346 in
554 3285 651 3348 cuustt
680 3287 801 3372 ignotis
823 3283 1024 3369 proferendis
1045 3281 1155 3343 voluit

107 3391 208 3453 etiam
223 3387 372 3474 colligere
389 3382 514 3448 Voffioc
532 3386 590 3450 lib.
607 3401 641 3450 9.
658 3387 698 3451 tle
714 3387 793 3451 idos.
807 3405 875 3470 cop.
894 3387 953 3466 69.
982 3403 1007 3448 t.
1024 3401 1156 3446 cruro-

108 3511 191 3553 τινα
207 3488 285 3554 MS.
338 3489 436 3553 Docti
456 3490 491 3551 in
510 3488 646 3572 phyficie
663 3486 737 3552 sunt
760 3486 960 3572 philosophi.
986 3501 1022 3548 ut
1035 3487 1069 3548 in
1091 3499 1157 3550 crte

109 3593 239 3678 poetica
260 3591 346 3674 apud
369 3605 479 3675 poetar
498 3603 624 3674 poetae.
655 3591 730 3655 vid.
747 3587 883 3653 Fischer.
906 3589 946 3652 cd
966 3589 1078 3652 Anacr.
1098 3601 1156 3668 53,

110 3709 175 3776 93.
208 3687 362 3784 Phystcos
375 3693 429 3754 hic
443 3707 537 3754 vocat
552 3691 652 3756 Sosin.
669 3712 737 3776 cap.
756 3691 814 3756 96.
832 3689 853 3752 s.
871 3705 929 3770 93.
973 3691 1161 3752 inimatum

109 3811 223 3860 autem
257 3795 418 3856 muudum
450 3791 626 3858 statuebant
656 3787 871 3879 Pythagorei,
896 3793 908 3872 l
921 3791 1023 3870 Lcert.
1041 3803 1075 3869 8.
1101 3801 1161 3868 95.

113 3897 218 3963 Orid.
248 3893 457 3973 Metam.15‚
482 3895 589 3980 349.)
621 3895 789 3964 Platonici.
818 3893 931 3973 (Pluto
961 3895 995 3956 in
1024 3895 1162 3956 Timaeo

114 4023 149 4088 p.
169 3997 370 4082 multip.)
396 3997 554 4086 negabant
587 3996 807 4082 Peripatetici.
841 3997 875 4058 iu
905 3995 1016 4079 primic
1042 3995 1160 4056 Strato.
1241 4004 1246 4027 t

32 4169 35 4176 ,
115 4097 441 4194 (manichaismi.
459 4099 569 4166 Golot.
587 4109 717 4188 p.5ss7.
737 4095 844 4186 Lips.)
878 4095 930 4166 Cs.
951 4098 1070 4162 Seneca
1088 4094 1164 4160 Ntt.
