2748 4888
309 418 352 498 aa
579 417 742 479 nonan
782 419 1086 482 uxnonmcun

309 595 619 678 Ambianorum.
644 593 713 673 (ed.
740 591 845 655 Melae
870 593 991 673 Gran.)
1027 591 1175 683 Τρὶβερις
1197 594 1373 658 Sozome·

310 717 373 760 uua
388 715 421 768 Ω.
438 711 497 772 27.
525 695 678 784 Tpidrypn
694 697 728 757 in
751 709 816 756 vet.
834 696 918 758 orbiu
935 694 1032 759 deser.
1049 717 1076 760 c.
1091 709 1152 776 49.
1184 696 1370 760 Praeteriit

310 800 408 862 etiam
425 797 507 860 banc
521 797 633 859 urbem
649 797 787 867 Plinius.
812 816 906 878 quam
925 797 994 881 post
1015 797 1102 859 fuiffe
1117 799 1276 860 adfirmat
1291 800 1370 860 Am·

310 901 408 962 mian.
431 911 485 977 15,
507 919 562 963 rt.
581 899 700 960 alarum
726 896 916 960 domicilium
937 901 1128 980 principum.
1169 901 1215 961 Et
1241 901 1289 960 stc
1313 894 1368 960 alii

310 1021 381 1064 eam
401 1002 547 1071 laudent.
584 1019 665 1082 quoe
688 1000 831 1060 indicant
851 1001 891 1061 ad
917 1002 1081 1063 Ammiani
1104 1001 1175 1063 o.l.
1214 1000 1369 1062 Linden-

310 1101 444 1188 brogiua
460 1116 534 1165 etc.
550 1102 571 1164 l.
602 1100 738 1162 Valesius
759 1121 830 1185 pag.
847 1115 906 1180 59.
941 1100 1069 1166 Cluver.
1094 1103 1129 1164 iu
1151 1101 1273 1164 Germ.
1299 1115 1367 1168 ant·

311 1221 345 1274 a,
371 1214 426 1283 ²4·
447 1225 479 1284 p.
497 1212 579 1282 383.
597 1215 630 1265 et
645 1199 865 1264 Gotboireduo
886 1203 925 1264 ad
941 1217 1006 1264 vet.
1030 1203 1115 1266 orbis
1129 1201 1232 1266 defer.
1253 1223 1285 1266 c.
1305 1213 1368 1284 49.

312 1307 351 1368 In
375 1305 490 1366 notitia
516 1305 629 1386 imper.
656 1305 863 1365 Triverorum
883 1295 1046 1394 scutario,
1073 1303 1261 1397 balistaria,
1298 1306 1366 1366 tire-

303 1397 402 1498 sauri
421 1419 453 1469 et
472 1418 598 1466 moneta
613 1417 841 1467 memorantur.
868 1405 937 1466 aua
953 1403 1053 1471 adfert
1063 1404 1160 1468 Vales.
1174 1427 1210 1487 p.
1225 1407 1294 1468 60.
1306 1405 1365 1471 c.l.

311 1506 546 1589 Irruptionibua
569 1505 773 1568 barbarorum
795 1507 961 1586 aliquotiea
982 1521 1093 1568 vexata
1116 1506 1159 1568 est
1177 1521 1211 1568 et
1237 1504 1362 1568 eversa.

312 1611 351 1672 In
374 1603 596 1692 antiquiffimis
610 1609 756 1690 Europae
773 1608 905 1670 urbibus
925 1610 1107 1690 ponendam
1123 1621 1156 1670 et
1171 1629 1188 1668 a
1202 1608 1364 1670 Troianit

312 1713 390 1773 adeo
408 1709 552 1795 fugitivis
566 1710 729 1771 conditam
747 1707 837 1769 fuiffe
860 1723 950 1790 putat
962 1709 1151 1782 Preuschen.
1188 1710 1271 1772 Vid.
1294 1709 1362 1772 eim

311 1811 534 1875 Denkmahler
554 1811 609 1874 der
623 1811 863 1873 Revolutioueu
881 1811 913 1870 in
935 1810 1147 1872 Deuriohland
1171 1831 1204 1892 p.
1225 1825 1280 1890 39
1299 1809 1361 1890 sqq.

311 1913 355 1975 H.
378 1914 472 1976 Trier.
511 1912 583 1974 Vid.
602 1911 762 1974 d’bnviiie
784 1915 818 1972 in
842 1913 948 1973 notice
963 1913 1003 1972 de
1020 1913 1048 1974 la
1066 1912 1164 1974 Gaule
1181 1933 1213 1994 p.
1231 1933 1246 1972 r
1261 1910 1361 1990 19iq.

310 2027 434 2096 praetor
456 2013 641 2094 superiores.
702 2011 750 2074 Ab
769 2012 909 2097 Augusto
933 2026 1039 2074 autem
1065 2015 1170 2095 plures
1194 2013 1299 2074 urbes
1323 2011 1361 2072 iit

311 2115 435 2177 adiecto
451 2114 563 2195 populi
578 2111 711 2174 nomiae
727 2114 894 2195 adpellataa
907 2111 1009 2185 iniffe,
1026 2117 1144 2176 docent
1159 2114 1359 2198 Geograpbi.

314 2215 369 2277 Sic
386 2212 529 2304 Augusta
543 2215 774 2286 Rornanorum,
797 2213 921 2305 (Augst)
952 2215 1263 2288 Veromanduarum,
1286 2214 1356 2292 (St.

314 2313 474 2410 Quantin)
504 2311 540 2380 V
538 2315 751 2386 indelicorum.
778 2311 1000 2398 (Angrburp.)

348 2573 352 2581 .
480 2521 510 2596 §.
539 2531 572 2596 5.
628 2516 902 2599 Garumna)
960 2519 998 2580 In
1030 2516 1176 2601 scriptura
1202 2518 1355 2582 variatur.

312 2617 475 2699 Strabou.
498 2640 530 2701 p.
555 2633 634 2699 ²5¹·
658 2617 984 2704 s.139.1'apoumi;,
1009 2620 1147 2682 Ptolem.
1173 2637 1205 2690 u,
1231 2635 1267 2694 7.
1293 2617 1373 2704 Fur-3

314 2709 433 2808 poian,
459 2734 496 2781 ut
511 2719 592 2783 Cod.
612 2718 712 2782 Mosa.
728 2721 761 2780 in
778 2720 942 2782 Strabone.
992 2721 1044 2784 Sic
1061 2721 1158 2783 Plinii
1175 2721 1306 2782 codice·
1320 2726 1355 2795 4,

315 2833 375 2900 51.
393 2819 416 2884 i.
437 2837 491 2895 17.
512 2820 682 2892 Garunna,
708 2833 840 2883 notante
858 2821 1040 2892 Harduiuo,
1063 2820 1120 2881 ubi
1135 2823 1280 2902 primum
1301 2818 1371 2890 ud.¹

312 2921 453 2986 Froben.
482 2923 570 2984 dedit
597 2922 779 2994 Garumna,
814 2921 981 3004 quomodo
1010 2925 1043 2984 in
1067 2921 1212 2993 Caesare,
1241 2922 1299 2982 ubi
1323 2902 1371 3012 et:

313 3023 536 3104 metaphrastes
552 3025 606 3086 Gr.
623 3025 717 3085 habet
731 3015 941 3111 Γαροὺμνας,
968 3035 1001 3086 et
1014 3025 1081 3085 aliis
1095 3025 1220 3107 legitur,
1245 3039 1352 3104 quam·

313 3126 363 3186 via
386 3127 472 3206 priua
500 3139 629 3207 propter
651 3125 765 3185 Graeca
789 3123 1030 3205 praeferendum
1052 3125 1207 3188 videatur.
1247 3121 1373 3222 Poste·

313 3226 412 3288 riores
427 3226 558 3307 quidem
581 3227 674 3286 multi
697 3245 753 3307 per
773 3247 817 3286 nn
841 3225 995 3296 efferunt,
1031 3238 1069 3286 ut
1084 3226 1198 3287 docuit
1214 3221 1369 3289 Vanum„

313 3347 384 3412 pag.
404 3343 490 3390 222.
507 3347 533 3388 c.
549 3326 572 3390 l.
610 3325 787 3388 Mascuiino
803 3344 918 3410 genere
939 3327 1086 3407 producit
1102 3327 1232 3397 Strabo.
1259 3338 1293 3386 et
1312 3305 1368 3382 iic‘

313 3428 464 3490 Tibullus
485 3445 514 3500 t,
538 3443 571 3503 7,
594 3447 649 3493 tt.
682 3440 714 3488 at
736 3426 894 3488 feminino
916 3425 1034 3490 busun.
1056 3428 1089 3488 in
1116 3426 1248 3488 Mosella
1269 3436 1368 3507 eutr.l

314 3529 395 3590 Eius
418 3530 496 3591 adeo
517 3529 710 3590 luculentam
735 3527 978 3609 descriptionem
1001 3527 1131 3590 exhibet
1153 3527 1284 3597 Noster,
1314 3533 1350 3582 ui
1372 3602 1374 3621 .

315 3629 456 3711 quidam,
482 3629 516 3690 iu
534 3631 573 3690 iia
589 3627 734 3698 Vinctus,
759 3629 911 3696 valetus.
937 3630 1094 3710 putarint.
1118 3631 1151 3690 in
1170 3630 1230 3690 hoc
1246 3624 1346 3689 flumi-
1368 3632 1370 3639 “

314 3751 357 3792 ue
378 3750 453 3792 eum
472 3728 560 3792 iuiffe
576 3733 736 3792 iactatum.
789 3727 971 3810 Comparari
991 3729 1093 3813 potest
1107 3731 1220 3793 Sidon.
1234 3724 1347 3810 Apolli·

314 3850 382 3892 nar.
401 3851 497 3895 carm.
515 3846 572 3902 αα,
600 3843 679 3908 208.
728 3829 845 3891 Fontes
868 3829 979 3893 Noster
1004 3833 1098 3912 ponit
1120 3833 1152 3892 in
1175 3832 1344 3909 Pyrenaeo.

190 3938 192 3942 '
317 3931 429 3994 Oritur
447 3947 556 3994 autem
571 3935 605 3994 in
628 3932 769 3994 confinio
787 3929 823 3995 V
822 3929 898 3990 ieiaa
914 3933 947 3991 in
968 3934 1088 3994 montis
1104 3931 1200 3993 latere
1216 3933 1346 3993 devexo.

316 4032 376 4093 ubi
398 4031 440 4093 est
462 4034 573 4100 Arana
593 4033 705 4104 valtis,
739 4051 818 4115 quae
842 4030 939 4092 bodie
960 4034 1099 4114 pertinet
1121 4033 1159 4092 ad
1184 4031 1366 4132 Hispanos.¹

318 4153 510 4216 quamquam
544 4132 668 4206 iontem
702 4137 737 4196 iu
772 4134 940 4214 Aquitania
967 4135 1104 4197 ostendit
1136 4134 1342 4196 Ptolemaeus.
1369 4224 1371 4227 Υ
