2746 4894
267 421 332 492 eet
538 415 702 479 uotae
741 369 1047 515 nxeonuroq'n

271 603 348 654 tarra
363 589 524 674 Corippue
541 605 575 672 3.
595 609 653 658 aa.
673 605 941 658 commemorant.
958 623 1011 644 --
1031 591 1250 674 Ditputatum
1266 589 1317 652 bio

273 693 317 755 ell
339 695 379 754 tle
399 698 508 780 regina
529 697 646 765 Sabae.
671 715 754 776 qnae
770 699 810 756 ad
830 695 1037 757 Salomonem
1058 695 1172 764 venit,
1206 707 1240 755 et
1261 695 1317 755 Ae-

272 797 366 880 gypti
380 811 413 858 et
429 796 616 878 Aethiopiae
630 799 740 881 regina
762 811 928 861 vocatura
947 795 1083 879 lolepho
1099 796 1228 876 antiqu.
1247 794 1316 860 lud.

275 909 309 974 8.
326 898 359 964 6.
375 909 409 974 5.
430 899 683 981 repugnantibus
706 901 829 962 multia.
879 899 952 962 vid.
968 897 1119 960 Boubart.
1141 899 1178 976 in
1201 895 1318 979 Plateg

274 1011 309 1066 n.
327 999 387 1062 26.
410 998 542 1064 Salmas.
562 1001 595 1062 iu
612 1000 714 1064 Solio.
734 1014 794 1080 33.
811 999 832 1064 l.
851 998 908 1080 36.
926 1021 959 1082 p.
977 1020 1022 1063 m.
1040 1013 1124 1080 355.
1155 997 1315 1062 Harduiu·

273 1099 312 1158 ad
331 1099 413 1162 Plio.
433 1101 465 1166 6.
486 1116 543 1184 3²·
558 1099 578 1164 t
594 1113 654 1180 23.
679 1102 709 1163 le
725 1101 833 1164 Grand
851 1103 890 1162 ad
908 1100 1001 1166 Lobo
1018 1117 1148 1188 voyage
1164 1091 1318 1179 d’abyffi.

273 1202 329 1262 nie
345 1201 387 1265 T.
407 1221 437 1264 r.
451 1201 519 1266 diu.
535 1218 569 1278 7.
584 1223 617 1286 p.
634 1216 705 1284 337
721 1201 763 1287 lq.
781 1205 909 1286 aliique.

348 1403 524 1484 Moeno)
574 1405 631 1468 Gr.
655 1401 784 1470 Μάκαι.
835 1408 960 1470 Eorum
984 1405 1090 1488 plurea
1111 1403 1318 1468 mentionem

273 1500 417 1574 iaciunt.
442 1509 529 1570 unde
542 1511 661 1570 mirum
679 1509 738 1580 eu.
762 1509 849 1593 quod
865 1509 1022 1574 Cellarine
1039 1509 1074 1570 iu
1095 1505 1232 1570 receuln
1248 1504 1318 1566 Ara·

274 1603 348 1666 biae
369 1605 467 1669 felicit
490 1627 531 1671 ue
552 1611 667 1696 adtigit
686 1611 832 1693 quidem.
885 1608 1100 1676 Consentiunt
1113 1623 1229 1672 autem
1248 1623 1319 1666 curn

275 1705 363 1770 Mela
385 1709 420 1770 in
441 1729 500 1782 eo,
531 1713 618 1794 quod
634 1714 823 1776 Carmaniae
837 1713 1018 1796 obpositam
1035 1711 1174 1775 Arabiae
1196 1719 1318 1790 partem

274 1809 494 1880 incoluerunt.
525 1813 581 1875 etli
603 1815 692 1876 varie
713 1815 808 1876 litum
830 1817 985 1878 indicant.
1038 1815 1092 1876 Sio
1109 1823 1228 1878 contra
1249 1807 1320 1870 Car·

274 1913 405 1974 uraniae
434 1917 692 1995 promontorium
722 1917 929 1992 Harmozon,
964 1917 1092 1998 dequo
1116 1913 1230 1996 snpra,
1263 1926 1316 1991 P⁰⁴

273 2027 358 2074 ntrnt
374 2012 488 2076 Strabo
509 2013 562 2080 ιδ.
580 2037 654 2102 pag.
672 2019 757 2095 5²⁶·
775 2015 797 2078 l.
815 2019 899 2096 765.
927 2017 1012 2082 Pliu.
1029 2018 1063 2088 6.
1082 2016 1141 2082 26.
1164 2013 1186 2078 l.
1205 2025 1264 2092 23.
1284 2012 1316 2070 in

274 2111 595 2200 Ichthyophagomm
609 2118 677 2180 liuu
691 2114 1100 2200 ampliffimoPtolemaeua
1116 2119 1153 2192 6.
1170 2132 1206 2192 7.
1223 2129 1316 2195 quem

274 2217 409 2294 qnidam
423 2221 620 2280 eontrarium
637 2217 715 2282 faeit
733 2222 832 2283 etiam
848 2221 1059 2296 Carmania03
1092 2231 1209 2282 contra
1224 2211 1316 2276 Perli-

276 2315 326 2376 die
346 2335 466 2398 aequor
487 2319 667 2384 Prilcianua
689 2342 722 2384 v.
738 2333 823 2400 537.
845 2337 881 2384 et
903 2325 1048 2386 Avienus
1070 2343 1102 2384 v.
1127 2329 1238 2399 ¹¹35·
1264 2312 1341 2376 etfi*

275 2413 328 2478 bic
343 2419 376 2480 iu
393 2419 458 2502 ipsa
475 2441 554 2484 voce
576 2425 730 2494 variatur.
761 2443 857 2506 quam
874 2444 935 2486 nee
955 2424 1055 2486 hodie
1071 2436 1157 2485 certe
1176 2414 1315 2504 agnoscit

275 2517 467 2600 Dionylint.
493 2527 580 2604 apud
597 2544 696 2606 quern
711 2545 744 2586 v.
760 2539 846 2605 957.
868 2525 1092 2608 reponendam
1114 2521 1225 2584 censet
1243 2517 1313 2579 ideo

274 2617 453 2684 Boobartus
472 2622 506 2683 iu
529 2624 650 2708 Phaleg
669 2639 778 2694 Mo.
816 2627 988 2690 viando.
1006 2627 1029 2688 l.
1062 2625 1184 2688 Avieni
1206 2619 1312 2685 Schra-

275 2719 380 2793 derue,
406 2735 440 2785 et
460 2743 542 2804 quae
559 2725 701 2807 disputat
714 2727 844 2790 Salmal.
860 2729 900 2790 ad
914 2728 1017 2791 Solin.
1034 2741 1092 2807 33.
1108 2726 1130 2788 l.
1145 2726 1206 2804 56.
1225 2742 1257 2804 p·
1271 2737 1312 2782 m·

276 2835 362 2898 550·
408 2823 519 2888 Minna
549 2841 696 2890 accurate
717 2829 803 2890 iuter
825 2829 1032 2893 Carmaniam
1053 2844 1087 2891 et
1109 2827 1262 2890 Arabiam
1282 2829 1313 2880 et

274 2921 353 2986 bine
366 2927 451 3008 qnafi
467 2927 502 2988 in
520 2927 620 2989 inlula
636 2929 721 2992 fiune
736 2930 852 2993 uertet
867 2931 951 2992 locat
971 2929 1166 3013 Stephanus.
1211 2924 1312 2986 Maca·

274 3045 349 3088 rutn
371 3031 631 3109 promontorium
653 3025 799 3096 Μάκετα
824 3045 1098 3094 commemoratur
1119 3031 1154 3091 iu
1175 3021 1311 3090 Nearchi

273 3131 405 3210 peropto
421 3151 452 3212 p.
464 3147 523 3194 uu.
537 3135 551 3208 l
559 3130 679 3211 Horis.)
704 3132 926 3196 Eratosthene·
940 3133 1027 3215 apud
1040 3131 1235 3196 Strabonem
1251 3145 1275 3187 c.
1290 3123 1310 3186 l.

274 3225 474 3314 ἂκρωτὴριον
496 3248 592 3295 vocat
611 3227 653 3298 τὸ
673 3229 704 3298 ἐν
722 3227 880 3306 Menate.
912 3253 1060 3317 proquo
1083 3235 1197 3295 ulam
1219 3225 1311 3290 babet

274 3331 438 3394 ammian.
460 3349 515 3412 23.
533 3335 567 3398 6.
585 3355 619 3417 p.
636 3347 719 3415 284.
734 3335 869 3424 (Gron.)
895 3325 1070 3428 Asaborum
1084 3335 1214 3396 videtur
1228 3330 1310 3390 idem

274 3433 433 3514 adpellare
453 3437 656 3500 Ptolemaeua
676 3457 703 3500 o.
725 3437 749 3499 l.
786 3441 835 3498 uti
860 3438 958 3500 etiam
987 3437 1093 3520 placet
1113 3435 1237 3497 Ortelio
1258 3426 1308 3489 tub

273 3533 306 3595 la
327 3555 358 3598 r.
386 3534 437 3598 Cf.
455 3536 615 3619 deincepa
657 3539 696 3599 lu
712 3538 821 3602 Plinio
837 3540 871 3608 6.
889 3537 979 3618 3α.[.
992 3548 1052 3613 28.
1070 3535 1308 3598 Naumaehaeo·

273 3655 346 3696 rum
369 3641 629 3718 promontorium
647 3629 838 3702 Carmaniae
861 3641 1055 3724 obponitur.
1079 3638 1169 3720 quod
1185 3654 1242 3720 pro
1257 3645 1306 3692 ιθ·

274 3737 351 3802 tlem
367 3739 478 3802 haberi
494 3740 611 3824 pollet,
639 3740 768 3804 lileetio
786 3743 874 3826 apud
892 3760 1006 3806 ornnee
1021 3741 1189 3802 eonllaret.

350 3941 574 4025 Frontem)
636 3944 744 4016 Mela.
783 3943 1059 4027 quemadmodum
1092 3941 1192 4005 etiam
1225 3931 1303 4001 alibi,

274 4055 372 4104 vocat
403 4047 681 4124 promuntorium
721 4047 798 4107 illud
826 4067 960 4128 nempe.
995 4045 1082 4126 quod
1107 4043 1301 4105 Pronnaea·

273 4139 324 4234 [o.
340 4135 384 4232 l]
406 4141 582 4238 Ajeborum
603 4145 645 4212 ab
665 4146 794 4222 Alabim
820 4149 877 4212 alii
892 4149 1064 4212 Manum
1087 4139 1178 4232 [rid.
1196 4128 1300 4222 antea]
