<?xml version="1.0" encoding="UTF-8"?>
<!DOCTYPE html PUBLIC "-//W3C//DTD XHTML 1.0 Transitional//EN"
    "http://www.w3.org/TR/xhtml1/DTD/xhtml1-transitional.dtd">
<html xmlns="http://www.w3.org/1999/xhtml" xml:lang="en" lang="en">
 <head>
  <title>
</title>
<meta http-equiv="Content-Type" content="text/html;charset=utf-8" />
  <meta name='ocr-system' content='tesseract 3.04.00' />
  <meta name='ocr-capabilities' content='ocr_page ocr_carea ocr_par ocr_line ocrx_word'/>
</head>
<body>
  <div class='ocr_page' id='page_1' title='image "./pomponiimelaede03melagoog_0364.png"; bbox 0 0 2746 4894; ppageno 0'>
   <div class='ocr_carea' id='block_1_1' title="bbox 198 424 1079 520">
    <p class='ocr_par' dir='ltr' id='par_1_1' title="bbox 198 424 1079 520">
     <span class='ocr_line' id='line_1_1' title="bbox 198 424 1079 520; baseline -0.017 -12"><span class='ocrx_word' id='word_1_1' title='bbox 198 424 202 433; x_wconf 87' lang='lat'>&#39;</span> <span class='ocrx_word' id='word_1_2' title='bbox 304 435 370 520; x_wconf 65' lang='lat'>336</span> <span class='ocrx_word' id='word_1_3' title='bbox 575 433 739 500; x_wconf 73' lang='lat' dir='ltr'>taurea</span> <span class='ocrx_word' id='word_1_4' title='bbox 777 433 1079 498; x_wconf 77' lang='lat' dir='ltr'>uxeoarrcaa</span> 
     </span>
    </p>
   </div>
   <div class='ocr_carea' id='block_1_2' title="bbox 307 609 1349 888">
    <p class='ocr_par' dir='ltr' id='par_1_2' title="bbox 307 609 1349 888">
     <span class='ocr_line' id='line_1_2' title="bbox 309 609 1348 697; baseline -0.006 -13"><span class='ocrx_word' id='word_1_5' title='bbox 309 638 345 684; x_wconf 85' lang='lat' dir='ltr'>rc</span> <span class='ocrx_word' id='word_1_6' title='bbox 369 614 498 680; x_wconf 84' lang='lat' dir='ltr'>ridetur</span> <span class='ocrx_word' id='word_1_7' title='bbox 526 609 592 697; x_wconf 86' lang='lat' dir='ltr'>lple</span> <span class='ocrx_word' id='word_1_8' title='bbox 614 611 774 677; x_wconf 86' lang='lat' dir='ltr'>haelitare.</span> <span class='ocrx_word' id='word_1_9' title='bbox 811 631 954 678; x_wconf 83' lang='lat' dir='ltr'>roeerve.</span> <span class='ocrx_word' id='word_1_10' title='bbox 1003 611 1127 678; x_wconf 85' lang='lat' dir='ltr'>Turbrr</span> <span class='ocrx_word' id='word_1_11' title='bbox 1150 611 1234 678; x_wconf 78' lang='lat' dir='ltr'>eleut</span> <span class='ocrx_word' id='word_1_12' title='bbox 1258 613 1348 678; x_wconf 83' lang='lat' dir='ltr'>llere·</span> 
     </span>
     <span class='ocr_line' id='line_1_3' title="bbox 308 715 1349 804; baseline -0.003 -20"><span class='ocrx_word' id='word_1_13' title='bbox 308 723 398 784; x_wconf 82' lang='lat' dir='ltr'>niret</span> <span class='ocrx_word' id='word_1_14' title='bbox 419 716 553 782; x_wconf 87' lang='lat' dir='ltr'>nornine</span> <span class='ocrx_word' id='word_1_15' title='bbox 573 715 707 802; x_wconf 81' lang='lat' dir='ltr'>oppida,</span> <span class='ocrx_word' id='word_1_16' title='bbox 742 733 823 802; x_wconf 75' lang='lat' dir='ltr'>quoe</span> <span class='ocrx_word' id='word_1_17' title='bbox 842 717 1015 804; x_wconf 73' lang='lat' dir='ltr'><strong>diligenter</strong></span> <span class='ocrx_word' id='word_1_18' title='bbox 1032 715 1185 804; x_wconf 68' lang='lat' dir='ltr'>distingui</span> <span class='ocrx_word' id='word_1_19' title='bbox 1207 736 1248 780; x_wconf 79' lang='lat' dir='ltr'>ear</span> <span class='ocrx_word' id='word_1_20' title='bbox 1268 737 1349 782; x_wconf 79' lang='lat' dir='ltr'>uera</span> 
     </span>
     <span class='ocr_line' id='line_1_4' title="bbox 307 822 438 888; baseline 0.008 -2"><span class='ocrx_word' id='word_1_21' title='bbox 307 822 438 888; x_wconf 83' lang='lat' dir='ltr'>debent.</span> 
     </span>
    </p>
   </div>
   <div class='ocr_carea' id='block_1_3' title="bbox 308 1013 1350 4062">
    <p class='ocr_par' dir='ltr' id='par_1_3' title="bbox 308 1013 1350 4062">
     <span class='ocr_line' id='line_1_5' title="bbox 346 1013 1349 1118; baseline 0.004 -32"><span class='ocrx_word' id='word_1_22' title='bbox 346 1019 356 1036; x_wconf 88' lang='lat'>&#39;</span> <span class='ocrx_word' id='word_1_23' title='bbox 380 1014 525 1118; x_wconf 74' lang='lat' dir='ltr'>silvo)</span> <span class='ocrx_word' id='word_1_24' title='bbox 573 1021 699 1086; x_wconf 85' lang='lat' dir='ltr'>Pliniue</span> <span class='ocrx_word' id='word_1_25' title='bbox 717 1015 773 1110; x_wconf 84' lang='lat'>[6.</span> <span class='ocrx_word' id='word_1_26' title='bbox 791 1031 850 1106; x_wconf 75' lang='lat'>34.</span> <span class='ocrx_word' id='word_1_27' title='bbox 872 1021 894 1088; x_wconf 87' lang='lat' dir='ltr'>s.</span> <span class='ocrx_word' id='word_1_28' title='bbox 912 1015 993 1110; x_wconf 59' lang='lat' dir='ltr'>uo]</span> <span class='ocrx_word' id='word_1_29' title='bbox 1015 1023 1057 1086; x_wconf 86' lang='lat' dir='ltr'>ad</span> <span class='ocrx_word' id='word_1_30' title='bbox 1079 1023 1282 1088; x_wconf 82' lang='lat' dir='ltr'>Ptolemaide</span> <span class='ocrx_word' id='word_1_31' title='bbox 1302 1013 1349 1090; x_wconf 70' lang='lat' dir='ltr'>iri</span> 
     </span>
     <span class='ocr_line' id='line_1_6' title="bbox 310 1123 1350 1215; baseline -0.006 -21"><span class='ocrx_word' id='word_1_32' title='bbox 310 1123 415 1215; x_wconf 68' lang='grc' dir='ltr'><strong><em>θήρας</em></strong></span> <span class='ocrx_word' id='word_1_33' title='bbox 439 1127 528 1190; x_wconf 77' lang='lat' dir='ltr'>tilvra</span> <span class='ocrx_word' id='word_1_34' title='bbox 551 1123 608 1188; x_wconf 85' lang='lat' dir='ltr'>hae</span> <span class='ocrx_word' id='word_1_35' title='bbox 630 1126 773 1190; x_wconf 85' lang='lat' dir='ltr'>collocet.</span> <span class='ocrx_word' id='word_1_36' title='bbox 818 1127 958 1210; x_wconf 77' lang='lat' dir='ltr'>Uterque</span> <span class='ocrx_word' id='word_1_37' title='bbox 989 1140 1085 1191; x_wconf 86' lang='lat' dir='ltr'>recte.</span> <span class='ocrx_word' id='word_1_38' title='bbox 1130 1127 1242 1190; x_wconf 85' lang='lat' dir='ltr'>Torua</span> <span class='ocrx_word' id='word_1_39' title='bbox 1266 1127 1350 1189; x_wconf 88' lang='lat' dir='ltr'>enim</span> 
     </span>
     <span class='ocr_line' id='line_1_7' title="bbox 311 1227 1349 1314; baseline -0.002 -22"><span class='ocrx_word' id='word_1_40' title='bbox 311 1243 446 1299; x_wconf 81' lang='lat' dir='ltr'>tractor.</span> <span class='ocrx_word' id='word_1_41' title='bbox 482 1229 538 1310; x_wconf 89' lang='lat' dir='ltr'>qui</span> <span class='ocrx_word' id='word_1_42' title='bbox 563 1227 746 1292; x_wconf 75' lang='lat' dir='ltr'>extenditur</span> <span class='ocrx_word' id='word_1_43' title='bbox 768 1246 786 1289; x_wconf 91' lang='lat' dir='ltr'>a</span> <span class='ocrx_word' id='word_1_44' title='bbox 807 1241 922 1310; x_wconf 90' lang='lat' dir='ltr'>portu.</span> <span class='ocrx_word' id='word_1_45' title='bbox 955 1229 1106 1290; x_wconf 77' lang='lat' dir='ltr'>Zuuclreu</span> <span class='ocrx_word' id='word_1_46' title='bbox 1126 1230 1232 1314; x_wconf 82' lang='lat' dir='ltr'>vulgo</span> <span class='ocrx_word' id='word_1_47' title='bbox 1257 1228 1349 1300; x_wconf 75' lang='lat' dir='ltr'>dieto.</span> 
     </span>
     <span class='ocr_line' id='line_1_8' title="bbox 311 1329 1349 1414; baseline -0.005 -18"><span class='ocrx_word' id='word_1_48' title='bbox 311 1330 465 1414; x_wconf 79' lang='lat' dir='ltr'>nequead</span> <span class='ocrx_word' id='word_1_49' title='bbox 482 1329 597 1395; x_wconf 85' lang='lat' dir='ltr'>ollium</span> <span class='ocrx_word' id='word_1_50' title='bbox 611 1329 838 1396; x_wconf 80' lang='lat' dir='ltr'>Bebelmandel</span> <span class='ocrx_word' id='word_1_51' title='bbox 854 1342 886 1392; x_wconf 83' lang='lat' dir='ltr'>et</span> <span class='ocrx_word' id='word_1_52' title='bbox 902 1331 994 1400; x_wconf 86' lang='lat' dir='ltr'>ultra.</span> <span class='ocrx_word' id='word_1_53' title='bbox 1020 1331 1101 1392; x_wconf 84' lang='lat' dir='ltr'>arleo</span> <span class='ocrx_word' id='word_1_54' title='bbox 1117 1329 1207 1393; x_wconf 82' lang='lat' dir='ltr'>srlvie</span> <span class='ocrx_word' id='word_1_55' title='bbox 1220 1329 1265 1391; x_wconf 84' lang='lat' dir='ltr'>eil</span> <span class='ocrx_word' id='word_1_56' title='bbox 1280 1349 1349 1392; x_wconf 83' lang='lat' dir='ltr'>eun·</span> 
     </span>
     <span class='ocr_line' id='line_1_9' title="bbox 315 1428 1350 1516; baseline -0.002 -22"><span class='ocrx_word' id='word_1_57' title='bbox 315 1435 408 1504; x_wconf 84' lang='lat' dir='ltr'>lrtue,</span> <span class='ocrx_word' id='word_1_58' title='bbox 434 1445 471 1493; x_wconf 90' lang='lat' dir='ltr'>ut</span> <span class='ocrx_word' id='word_1_59' title='bbox 490 1428 597 1495; x_wconf 88' lang='lat' dir='ltr'>nelcio</span> <span class='ocrx_word' id='word_1_60' title='bbox 618 1451 658 1494; x_wconf 89' lang='lat' dir='ltr'>an</span> <span class='ocrx_word' id='word_1_61' title='bbox 681 1451 814 1513; x_wconf 82' lang='lat' dir='ltr'>uuquam</span> <span class='ocrx_word' id='word_1_62' title='bbox 837 1445 991 1494; x_wconf 85' lang='lat' dir='ltr'>terrarum</span> <span class='ocrx_word' id='word_1_63' title='bbox 1006 1432 1095 1516; x_wconf 84' lang='lat' dir='ltr'>regio</span> <span class='ocrx_word' id='word_1_64' title='bbox 1113 1432 1295 1494; x_wconf 82' lang='lat' dir='ltr'>umbrosror</span> <span class='ocrx_word' id='word_1_65' title='bbox 1308 1451 1350 1492; x_wconf 87' lang='lat' dir='ltr'>re·</span> 
     </span>
     <span class='ocr_line' id='line_1_10' title="bbox 311 1533 1349 1621; baseline -0.002 -26"><span class='ocrx_word' id='word_1_66' title='bbox 311 1536 463 1621; x_wconf 80' lang='lat' dir='ltr'>periatur.</span> <span class='ocrx_word' id='word_1_67' title='bbox 522 1533 694 1618; x_wconf 82' lang='lat' dir='ltr'>Praecipue</span> <span class='ocrx_word' id='word_1_68' title='bbox 720 1551 797 1596; x_wconf 85' lang='lat' dir='ltr'>vero</span> <span class='ocrx_word' id='word_1_69' title='bbox 824 1533 1039 1596; x_wconf 86' lang='lat' dir='ltr'>memorrbilie</span> <span class='ocrx_word' id='word_1_70' title='bbox 1063 1533 1107 1596; x_wconf 86' lang='lat' dir='ltr'>eil</span> <span class='ocrx_word' id='word_1_71' title='bbox 1134 1533 1211 1595; x_wconf 75' lang='lat' dir='ltr'>silva</span> <span class='ocrx_word' id='word_1_72' title='bbox 1238 1553 1301 1595; x_wconf 88' lang='lat' dir='ltr'>una</span> <span class='ocrx_word' id='word_1_73' title='bbox 1320 1545 1349 1594; x_wconf 90' lang='lat' dir='ltr'>et</span> 
     </span>
     <span class='ocr_line' id='line_1_11' title="bbox 313 1635 1350 1718; baseline -0.008 -16"><span class='ocrx_word' id='word_1_74' title='bbox 313 1637 486 1708; x_wconf 83' lang='lat' dir='ltr'>ooutiuur.</span> <span class='ocrx_word' id='word_1_75' title='bbox 511 1655 595 1718; x_wconf 77' lang='lat' dir='ltr'>quae</span> <span class='ocrx_word' id='word_1_76' title='bbox 617 1648 722 1698; x_wconf 88' lang='lat' dir='ltr'>totum</span> <span class='ocrx_word' id='word_1_77' title='bbox 745 1635 969 1705; x_wconf 80' lang='lat' dir='ltr'>intervallum.</span> <span class='ocrx_word' id='word_1_78' title='bbox 1000 1635 1086 1718; x_wconf 85' lang='lat' dir='ltr'>quod</span> <span class='ocrx_word' id='word_1_79' title='bbox 1102 1635 1304 1698; x_wconf 73' lang='lat' dir='ltr'>Ptolemaide</span> <span class='ocrx_word' id='word_1_80' title='bbox 1321 1647 1350 1696; x_wconf 89' lang='lat' dir='ltr'>rt</span> 
     </span>
     <span class='ocr_line' id='line_1_12' title="bbox 311 1734 1350 1834; baseline 0.001 -39"><span class='ocrx_word' id='word_1_81' title='bbox 311 1755 443 1825; x_wconf 86' lang='lat' dir='ltr'>porrum</span> <span class='ocrx_word' id='word_1_82' title='bbox 460 1738 656 1822; x_wconf 83' lang='lat' dir='ltr'>praedictum</span> <span class='ocrx_word' id='word_1_83' title='bbox 675 1737 856 1834; x_wconf 64' lang='lat' dir='ltr'>interirept.</span> <span class='ocrx_word' id='word_1_84' title='bbox 884 1734 945 1800; x_wconf 80' lang='lat' dir='ltr'>lule</span> <span class='ocrx_word' id='word_1_85' title='bbox 967 1751 1113 1819; x_wconf 82' lang='lat' dir='ltr'>occupet.</span> <span class='ocrx_word' id='word_1_86' title='bbox 1166 1736 1297 1802; x_wconf 88' lang='lat' dir='ltr'>Crebrie</span> <span class='ocrx_word' id='word_1_87' title='bbox 1317 1754 1350 1796; x_wconf 87' lang='lat' dir='ltr'>ea</span> 
     </span>
     <span class='ocr_line' id='line_1_13' title="bbox 311 1835 1350 1924; baseline -0.004 -20"><span class='ocrx_word' id='word_1_88' title='bbox 311 1835 511 1924; x_wconf 74' lang='lat' dir='ltr'>adspergitur</span> <span class='ocrx_word' id='word_1_89' title='bbox 528 1838 728 1908; x_wconf 84' lang='lat' dir='ltr'>fluminibue.</span> <span class='ocrx_word' id='word_1_90' title='bbox 750 1839 824 1900; x_wconf 85' lang='lat' dir='ltr'>licet</span> <span class='ocrx_word' id='word_1_91' title='bbox 839 1839 924 1902; x_wconf 87' lang='lat' dir='ltr'>nulla</span> <span class='ocrx_word' id='word_1_92' title='bbox 940 1839 974 1900; x_wconf 90' lang='lat' dir='ltr'>io</span> <span class='ocrx_word' id='word_1_93' title='bbox 993 1857 1078 1903; x_wconf 83' lang='lat' dir='ltr'>mere</span> <span class='ocrx_word' id='word_1_94' title='bbox 1093 1853 1223 1902; x_wconf 78' lang='lat' dir='ltr'>exeant.</span> <span class='ocrx_word' id='word_1_95' title='bbox 1261 1838 1350 1901; x_wconf 83' lang='lat' dir='ltr'>Ferae</span> 
     </span>
     <span class='ocr_line' id='line_1_14' title="bbox 311 1939 1349 2028; baseline -0.004 -24"><span class='ocrx_word' id='word_1_96' title='bbox 311 1943 379 2006; x_wconf 87' lang='lat' dir='ltr'>illie</span> <span class='ocrx_word' id='word_1_97' title='bbox 393 1941 501 2006; x_wconf 84' lang='lat' dir='ltr'>omnir</span> <span class='ocrx_word' id='word_1_98' title='bbox 514 1944 655 2028; x_wconf 73' lang='lat' dir='ltr'>grueria.</span> <span class='ocrx_word' id='word_1_99' title='bbox 680 1939 776 2003; x_wconf 84' lang='lat' dir='ltr'>etiem</span> <span class='ocrx_word' id='word_1_100' title='bbox 791 1940 1010 2004; x_wconf 78' lang='lat' dir='ltr'>rhinocerotee</span> <span class='ocrx_word' id='word_1_101' title='bbox 1028 1953 1061 2002; x_wconf 91' lang='lat' dir='ltr'>et</span> <span class='ocrx_word' id='word_1_102' title='bbox 1075 1941 1273 2022; x_wconf 75' lang='lat' dir='ltr'>elephantes.</span> <span class='ocrx_word' id='word_1_103' title='bbox 1301 1939 1349 2000; x_wconf 81' lang='lat' dir='ltr'>dr·</span> 
     </span>
     <span class='ocr_line' id='line_1_15' title="bbox 309 2040 1348 2112; baseline -0.006 -4"><span class='ocrx_word' id='word_1_104' title='bbox 309 2041 430 2108; x_wconf 78' lang='lat' dir='ltr'>borum</span> <span class='ocrx_word' id='word_1_105' title='bbox 452 2045 533 2108; x_wconf 80' lang='lat' dir='ltr'>mira</span> <span class='ocrx_word' id='word_1_106' title='bbox 554 2040 731 2109; x_wconf 78' lang='lat' dir='ltr'>fecunditar</span> <span class='ocrx_word' id='word_1_107' title='bbox 751 2057 784 2106; x_wconf 88' lang='lat' dir='ltr'>et</span> <span class='ocrx_word' id='word_1_108' title='bbox 805 2041 956 2112; x_wconf 76' lang='lat' dir='ltr'>dentur.</span> <span class='ocrx_word' id='word_1_109' title='bbox 986 2043 1068 2104; x_wconf 85' lang='lat' dir='ltr'>adeo</span> <span class='ocrx_word' id='word_1_110' title='bbox 1087 2056 1124 2104; x_wconf 88' lang='lat' dir='ltr'>ut</span> <span class='ocrx_word' id='word_1_111' title='bbox 1146 2045 1249 2105; x_wconf 83' lang='lat' dir='ltr'>etiarn</span> <span class='ocrx_word' id='word_1_112' title='bbox 1265 2055 1348 2104; x_wconf 88' lang='lat' dir='ltr'>meru</span> 
     </span>
     <span class='ocr_line' id='line_1_16' title="bbox 311 2141 1348 2228; baseline -0.005 -20"><span class='ocrx_word' id='word_1_113' title='bbox 311 2145 449 2208; x_wconf 83' lang='lat' dir='ltr'>meridie</span> <span class='ocrx_word' id='word_1_114' title='bbox 469 2143 617 2209; x_wconf 87' lang='lat' dir='ltr'>tenebrre</span> <span class='ocrx_word' id='word_1_115' title='bbox 637 2163 706 2209; x_wconf 89' lang='lat' dir='ltr'>uon</span> <span class='ocrx_word' id='word_1_116' title='bbox 723 2141 898 2218; x_wconf 85' lang='lat' dir='ltr'>dileedaut.</span> <span class='ocrx_word' id='word_1_117' title='bbox 922 2143 1091 2208; x_wconf 82' lang='lat' dir='ltr'>horrorem</span> <span class='ocrx_word' id='word_1_118' title='bbox 1107 2144 1201 2206; x_wconf 87' lang='lat' dir='ltr'>illum</span> <span class='ocrx_word' id='word_1_119' title='bbox 1217 2155 1348 2228; x_wconf 79' lang='lat' dir='ltr'>augente</span> 
     </span>
     <span class='ocr_line' id='line_1_17' title="bbox 312 2241 1348 2328; baseline -0.004 -18"><span class='ocrx_word' id='word_1_120' title='bbox 312 2244 496 2312; x_wconf 80' lang='lat' dir='ltr'>belluarum</span> <span class='ocrx_word' id='word_1_121' title='bbox 515 2243 653 2310; x_wconf 83' lang='lat' dir='ltr'>laevitit.</span> <span class='ocrx_word' id='word_1_122' title='bbox 706 2245 791 2308; x_wconf 86' lang='lat' dir='ltr'>Cum</span> <span class='ocrx_word' id='word_1_123' title='bbox 807 2246 886 2310; x_wconf 87' lang='lat' dir='ltr'>olim</span> <span class='ocrx_word' id='word_1_124' title='bbox 901 2241 1083 2328; x_wconf 57' lang='lat' dir='ltr'>fitqueutee</span> <span class='ocrx_word' id='word_1_125' title='bbox 1099 2245 1173 2308; x_wconf 78' lang='lat' dir='ltr'>[ilva</span> <span class='ocrx_word' id='word_1_126' title='bbox 1190 2247 1272 2308; x_wconf 84' lang='lat' dir='ltr'>haec</span> <span class='ocrx_word' id='word_1_127' title='bbox 1284 2243 1348 2308; x_wconf 73' lang='lat' dir='ltr'>ebe</span> 
     </span>
     <span class='ocr_line' id='line_1_18' title="bbox 309 2345 1346 2432; baseline -0.006 -18"><span class='ocrx_word' id='word_1_128' title='bbox 309 2367 376 2414; x_wconf 72' lang='lat' dir='ltr'>noe</span> <span class='ocrx_word' id='word_1_129' title='bbox 394 2349 598 2432; x_wconf 82' lang='lat' dir='ltr'>produxerit.</span> <span class='ocrx_word' id='word_1_130' title='bbox 625 2347 794 2412; x_wconf 82' lang='lat' dir='ltr'>veriilmile</span> <span class='ocrx_word' id='word_1_131' title='bbox 815 2365 883 2410; x_wconf 88' lang='lat' dir='ltr'>non</span> <span class='ocrx_word' id='word_1_132' title='bbox 905 2345 963 2419; x_wconf 79' lang='lat' dir='ltr'>eu.</span> <span class='ocrx_word' id='word_1_133' title='bbox 994 2346 1093 2412; x_wconf 89' lang='lat' dir='ltr'>hodie</span> <span class='ocrx_word' id='word_1_134' title='bbox 1118 2347 1187 2410; x_wconf 87' lang='lat' dir='ltr'>illio</span> <span class='ocrx_word' id='word_1_135' title='bbox 1208 2348 1346 2416; x_wconf 79' lang='lat' dir='ltr'>definere,</span> 
     </span>
     <span class='ocr_line' id='line_1_19' title="bbox 312 2445 1347 2534; baseline -0.004 -23"><span class='ocrx_word' id='word_1_136' title='bbox 312 2449 495 2534; x_wconf 76' lang='lat' dir='ltr'>praesertim</span> <span class='ocrx_word' id='word_1_137' title='bbox 508 2469 583 2517; x_wconf 87' lang='lat' dir='ltr'>eum</span> <span class='ocrx_word' id='word_1_138' title='bbox 602 2451 637 2512; x_wconf 88' lang='lat' dir='ltr'>in</span> <span class='ocrx_word' id='word_1_139' title='bbox 653 2451 722 2512; x_wconf 87' lang='lat' dir='ltr'>aliie</span> <span class='ocrx_word' id='word_1_140' title='bbox 743 2447 935 2533; x_wconf 84' lang='lat' dir='ltr'>Aethiopiae</span> <span class='ocrx_word' id='word_1_141' title='bbox 958 2448 1037 2512; x_wconf 86' lang='lat' dir='ltr'>loeie</span> <span class='ocrx_word' id='word_1_142' title='bbox 1060 2447 1129 2512; x_wconf 81' lang='lat' dir='ltr'>satie</span> <span class='ocrx_word' id='word_1_143' title='bbox 1150 2447 1300 2531; x_wconf 83' lang='lat' dir='ltr'>copioiue</span> <span class='ocrx_word' id='word_1_144' title='bbox 1316 2445 1347 2508; x_wconf 88' lang='lat' dir='ltr'>tit</span> 
     </span>
     <span class='ocr_line' id='line_1_20' title="bbox 313 2549 1348 2634; baseline 0.001 -22"><span class='ocrx_word' id='word_1_145' title='bbox 313 2551 428 2614; x_wconf 83' lang='lat' dir='ltr'>irarum</span> <span class='ocrx_word' id='word_1_146' title='bbox 452 2565 640 2634; x_wconf 80' lang='lat' dir='ltr'>proventue.</span> <span class='ocrx_word' id='word_1_147' title='bbox 694 2551 793 2620; x_wconf 83' lang='lat' dir='ltr'>Sane.</span> <span class='ocrx_word' id='word_1_148' title='bbox 819 2551 874 2633; x_wconf 89' lang='lat' dir='ltr'>qui</span> <span class='ocrx_word' id='word_1_149' title='bbox 892 2549 1099 2634; x_wconf 77' lang='lat' dir='ltr'>Aethiopiam</span> <span class='ocrx_word' id='word_1_150' title='bbox 1120 2552 1271 2633; x_wconf 85' lang='lat' dir='ltr'>proxime</span> <span class='ocrx_word' id='word_1_151' title='bbox 1287 2567 1348 2630; x_wconf 79' lang='lat' dir='ltr'>pet·</span> 
     </span>
     <span class='ocr_line' id='line_1_21' title="bbox 311 2651 1345 2722; baseline -0.006 -6"><span class='ocrx_word' id='word_1_152' title='bbox 311 2651 455 2716; x_wconf 80' lang='lat' dir='ltr'>lustravit</span> <span class='ocrx_word' id='word_1_153' title='bbox 474 2652 661 2717; x_wconf 77' lang='lat' dir='ltr'>vincentina</span> <span class='ocrx_word' id='word_1_154' title='bbox 674 2651 827 2722; x_wconf 86' lang='lat' dir='ltr'>Blaneue.</span> <span class='ocrx_word' id='word_1_155' title='bbox 849 2652 947 2715; x_wconf 86' lang='lat' dir='ltr'>etiem</span> <span class='ocrx_word' id='word_1_156' title='bbox 969 2654 1003 2714; x_wconf 87' lang='lat' dir='ltr'>in</span> <span class='ocrx_word' id='word_1_157' title='bbox 1018 2652 1082 2714; x_wconf 85' lang='lat' dir='ltr'>hoc</span> <span class='ocrx_word' id='word_1_158' title='bbox 1098 2665 1199 2715; x_wconf 83' lang='lat' dir='ltr'>tractu</span> <span class='ocrx_word' id='word_1_159' title='bbox 1213 2651 1345 2715; x_wconf 76' lang='lat' dir='ltr'>ebenum</span> 
     </span>
     <span class='ocr_line' id='line_1_22' title="bbox 309 2747 1345 2837; baseline -0.002 -22"><span class='ocrx_word' id='word_1_160' title='bbox 309 2754 485 2836; x_wconf 76' lang='lat' dir='ltr'>provenire</span> <span class='ocrx_word' id='word_1_161' title='bbox 511 2749 628 2822; x_wconf 74' lang='lat' dir='ltr'>inibit.</span> <span class='ocrx_word' id='word_1_162' title='bbox 685 2753 794 2817; x_wconf 77' lang='lat' dir='ltr'>Enete</span> <span class='ocrx_word' id='word_1_163' title='bbox 814 2766 933 2827; x_wconf 77' lang='lat' dir='ltr'>rorant</span> <span class='ocrx_word' id='word_1_164' title='bbox 954 2747 1118 2825; x_wconf 80' lang='lat' dir='ltr'>Abaffini.</span> <span class='ocrx_word' id='word_1_165' title='bbox 1146 2757 1207 2836; x_wconf 85' lang='lat' dir='ltr'>qui</span> <span class='ocrx_word' id='word_1_166' title='bbox 1232 2755 1345 2837; x_wconf 81' lang='lat' dir='ltr'>periura</span> 
     </span>
     <span class='ocr_line' id='line_1_23' title="bbox 311 2853 1343 2940; baseline -0.005 -22"><span class='ocrx_word' id='word_1_167' title='bbox 311 2854 468 2938; x_wconf 82' lang='lat' dir='ltr'>eliamque</span> <span class='ocrx_word' id='word_1_168' title='bbox 491 2853 717 2938; x_wconf 80' lang='lat' dir='ltr'>supeltectilem</span> <span class='ocrx_word' id='word_1_169' title='bbox 738 2877 777 2918; x_wconf 81' lang='lat' dir='ltr'>ex</span> <span class='ocrx_word' id='word_1_170' title='bbox 799 2855 862 2918; x_wconf 84' lang='lat' dir='ltr'>hoe</span> <span class='ocrx_word' id='word_1_171' title='bbox 883 2855 973 2940; x_wconf 78' lang='lat' dir='ltr'>ligno</span> <span class='ocrx_word' id='word_1_172' title='bbox 995 2856 1181 2920; x_wconf 82' lang='lat' dir='ltr'>oouiieiuut.</span> <span class='ocrx_word' id='word_1_173' title='bbox 1220 2855 1276 2918; x_wconf 84' lang='lat' dir='ltr'>Est</span> <span class='ocrx_word' id='word_1_174' title='bbox 1296 2874 1343 2914; x_wconf 84' lang='lat' dir='ltr'>au·</span> 
     </span>
     <span class='ocr_line' id='line_1_24' title="bbox 312 2954 1344 3044; baseline -0.001 -26"><span class='ocrx_word' id='word_1_175' title='bbox 312 2969 380 3020; x_wconf 83' lang='lat' dir='ltr'>reru</span> <span class='ocrx_word' id='word_1_176' title='bbox 397 2957 613 3044; x_wconf 76' lang='lat' dir='ltr'>nigerrimum</span> <span class='ocrx_word' id='word_1_177' title='bbox 629 2969 664 3020; x_wconf 89' lang='lat' dir='ltr'>et</span> <span class='ocrx_word' id='word_1_178' title='bbox 684 2957 801 3021; x_wconf 72' lang='lat' dir='ltr'>eumte</span> <span class='ocrx_word' id='word_1_179' title='bbox 822 2954 1005 3038; x_wconf 79' lang='lat' dir='ltr'>splendens.</span> <span class='ocrx_word' id='word_1_180' title='bbox 1028 2957 1109 3020; x_wconf 79' lang='lat' dir='ltr'>adeo</span> <span class='ocrx_word' id='word_1_181' title='bbox 1128 2972 1167 3020; x_wconf 86' lang='lat' dir='ltr'>ut</span> <span class='ocrx_word' id='word_1_182' title='bbox 1188 2959 1262 3040; x_wconf 89' lang='lat' dir='ltr'>quie</span> <span class='ocrx_word' id='word_1_183' title='bbox 1284 2973 1344 3018; x_wconf 86' lang='lat' dir='ltr'>noe</span> 
     </span>
     <span class='ocr_line' id='line_1_25' title="bbox 311 3057 1343 3142; baseline -0.002 -22"><span class='ocrx_word' id='word_1_184' title='bbox 311 3058 449 3142; x_wconf 75' lang='lat' dir='ltr'>lignum.</span> <span class='ocrx_word' id='word_1_185' title='bbox 466 3057 517 3122; x_wconf 83' lang='lat' dir='ltr'>led</span> <span class='ocrx_word' id='word_1_186' title='bbox 532 3059 668 3142; x_wconf 84' lang='lat' dir='ltr'>lapidem</span> <span class='ocrx_word' id='word_1_187' title='bbox 685 3057 745 3123; x_wconf 86' lang='lat' dir='ltr'>elle</span> <span class='ocrx_word' id='word_1_188' title='bbox 759 3057 926 3121; x_wconf 80' lang='lat' dir='ltr'>existimet.</span> <span class='ocrx_word' id='word_1_189' title='bbox 955 3058 1086 3120; x_wconf 83' lang='lat' dir='ltr'>Ebeuue</span> <span class='ocrx_word' id='word_1_190' title='bbox 1100 3072 1209 3122; x_wconf 84' lang='lat' dir='ltr'>autem</span> <span class='ocrx_word' id='word_1_191' title='bbox 1221 3057 1343 3122; x_wconf 78' lang='lat' dir='ltr'>Aethio·</span> 
     </span>
     <span class='ocr_line' id='line_1_26' title="bbox 310 3158 1342 3243; baseline 0.001 -21"><span class='ocrx_word' id='word_1_192' title='bbox 310 3164 379 3243; x_wconf 82' lang='lat' dir='ltr'>pice</span> <span class='ocrx_word' id='word_1_193' title='bbox 400 3161 439 3224; x_wconf 87' lang='lat' dir='ltr'>ad</span> <span class='ocrx_word' id='word_1_194' title='bbox 461 3179 609 3228; x_wconf 83' lang='lat' dir='ltr'>noanon</span> <span class='ocrx_word' id='word_1_195' title='bbox 629 3159 807 3230; x_wconf 75' lang='lat' dir='ltr'>advehitur.</span> <span class='ocrx_word' id='word_1_196' title='bbox 859 3159 934 3222; x_wconf 83' lang='lat' dir='ltr'>Sola</span> <span class='ocrx_word' id='word_1_197' title='bbox 949 3159 1093 3222; x_wconf 87' lang='lat' dir='ltr'>Mauritii</span> <span class='ocrx_word' id='word_1_198' title='bbox 1114 3158 1225 3232; x_wconf 84' lang='lat' dir='ltr'>iuiula.</span> <span class='ocrx_word' id='word_1_199' title='bbox 1251 3175 1342 3241; x_wconf 79' lang='lat' dir='ltr'>quem</span> 
     </span>
     <span class='ocr_line' id='line_1_27' title="bbox 310 3259 1339 3346; baseline -0.006 -22"><span class='ocrx_word' id='word_1_200' title='bbox 310 3260 452 3324; x_wconf 76' lang='lat' dir='ltr'>Lusitani</span> <span class='ocrx_word' id='word_1_201' title='bbox 468 3281 484 3324; x_wconf 85' lang='lat' dir='ltr'>e</span> <span class='ocrx_word' id='word_1_202' title='bbox 500 3261 663 3346; x_wconf 81' lang='lat' dir='ltr'>eyguiedo</span> <span class='ocrx_word' id='word_1_203' title='bbox 680 3259 776 3326; x_wconf 70' lang='lat' dir='ltr'>orme</span> <span class='ocrx_word' id='word_1_204' title='bbox 788 3261 956 3345; x_wconf 84' lang='lat' dir='ltr'>appellant.</span> <span class='ocrx_word' id='word_1_205' title='bbox 978 3259 1119 3346; x_wconf 79' lang='lat' dir='ltr'>praestet.</span> <span class='ocrx_word' id='word_1_206' title='bbox 1142 3261 1300 3345; x_wconf 83' lang='lat' dir='ltr'>quidquid</span> <span class='ocrx_word' id='word_1_207' title='bbox 1310 3259 1339 3319; x_wconf 88' lang='lat' dir='ltr'>iu</span> 
     </span>
     <span class='ocr_line' id='line_1_28' title="bbox 309 3361 1341 3446; baseline -0.005 -20"><span class='ocrx_word' id='word_1_208' title='bbox 309 3362 473 3446; x_wconf 81' lang='lat' dir='ltr'>Europam</span> <span class='ocrx_word' id='word_1_209' title='bbox 491 3361 553 3426; x_wconf 88' lang='lat' dir='ltr'>hoc</span> <span class='ocrx_word' id='word_1_210' title='bbox 567 3361 670 3427; x_wconf 84' lang='lat' dir='ltr'>leorrlo</span> <span class='ocrx_word' id='word_1_211' title='bbox 687 3363 781 3426; x_wconf 89' lang='lat' dir='ltr'>ebeni</span> <span class='ocrx_word' id='word_1_212' title='bbox 795 3361 944 3426; x_wconf 86' lang='lat' dir='ltr'>adfertur.</span> <span class='ocrx_word' id='word_1_213' title='bbox 979 3361 1064 3427; x_wconf 89' lang='lat' dir='ltr'>Cum</span> <span class='ocrx_word' id='word_1_214' title='bbox 1072 3362 1186 3426; x_wconf 84' lang='lat' dir='ltr'>&#39;eutem</span> <span class='ocrx_word' id='word_1_215' title='bbox 1203 3365 1263 3425; x_wconf 84' lang='lat' dir='ltr'>tria</span> <span class='ocrx_word' id='word_1_216' title='bbox 1274 3377 1341 3443; x_wconf 83' lang='lat' dir='ltr'>qur·</span> 
     </span>
     <span class='ocr_line' id='line_1_29' title="bbox 310 3462 1339 3550; baseline 0 -26"><span class='ocrx_word' id='word_1_217' title='bbox 310 3475 426 3525; x_wconf 86' lang='lat' dir='ltr'>tuorve</span> <span class='ocrx_word' id='word_1_218' title='bbox 442 3465 617 3526; x_wconf 86' lang='lat' dir='ltr'>minimum</span> <span class='ocrx_word' id='word_1_219' title='bbox 636 3484 750 3550; x_wconf 83' lang='lat' dir='ltr'>genera</span> <span class='ocrx_word' id='word_1_220' title='bbox 765 3463 884 3528; x_wconf 85' lang='lat' dir='ltr'>arboria</span> <span class='ocrx_word' id='word_1_221' title='bbox 899 3462 995 3528; x_wconf 86' lang='lat' dir='ltr'>huiur</span> <span class='ocrx_word' id='word_1_222' title='bbox 1009 3477 1042 3528; x_wconf 89' lang='lat' dir='ltr'>et</span> <span class='ocrx_word' id='word_1_223' title='bbox 1057 3464 1092 3526; x_wconf 91' lang='lat' dir='ltr'>iu</span> <span class='ocrx_word' id='word_1_224' title='bbox 1105 3464 1289 3550; x_wconf 84' lang='lat' dir='ltr'>Aethiopia,</span> <span class='ocrx_word' id='word_1_225' title='bbox 1311 3475 1339 3524; x_wconf 91' lang='lat' dir='ltr'>et</span> 
     </span>
     <span class='ocr_line' id='line_1_30' title="bbox 308 3564 1339 3654; baseline -0.002 -28"><span class='ocrx_word' id='word_1_226' title='bbox 308 3566 343 3626; x_wconf 91' lang='lat' dir='ltr'>in</span> <span class='ocrx_word' id='word_1_227' title='bbox 353 3565 512 3646; x_wconf 83' lang='lat' dir='ltr'>praedicta</span> <span class='ocrx_word' id='word_1_228' title='bbox 524 3564 621 3628; x_wconf 78' lang='lat' dir='ltr'>intuta</span> <span class='ocrx_word' id='word_1_229' title='bbox 636 3569 841 3649; x_wconf 84' lang='lat' dir='ltr'>reperientur.</span> <span class='ocrx_word' id='word_1_230' title='bbox 859 3564 1086 3654; x_wconf 79' lang='lat' dir='ltr'>dabituraliae.</span> <span class='ocrx_word' id='word_1_231' title='bbox 1097 3581 1134 3630; x_wconf 90' lang='lat' dir='ltr'>ut</span> <span class='ocrx_word' id='word_1_232' title='bbox 1144 3565 1248 3650; x_wconf 71' lang='lat' dir='ltr'>spero,</span> <span class='ocrx_word' id='word_1_233' title='bbox 1261 3583 1339 3628; x_wconf 87' lang='lat' dir='ltr'>eoru·</span> 
     </span>
     <span class='ocr_line' id='line_1_31' title="bbox 309 3663 1336 3748; baseline -0.004 -20"><span class='ocrx_word' id='word_1_234' title='bbox 309 3667 440 3729; x_wconf 82' lang='lat' dir='ltr'>medior</span> <span class='ocrx_word' id='word_1_235' title='bbox 459 3669 499 3727; x_wconf 92' lang='lat' dir='ltr'>de</span> <span class='ocrx_word' id='word_1_236' title='bbox 523 3667 572 3730; x_wconf 89' lang='lat' dir='ltr'>hia</span> <span class='ocrx_word' id='word_1_237' title='bbox 594 3667 766 3733; x_wconf 84' lang='lat' dir='ltr'>dielerendi</span> <span class='ocrx_word' id='word_1_238' title='bbox 789 3668 891 3733; x_wconf 83' lang='lat' dir='ltr'>loeue.</span> <span class='ocrx_word' id='word_1_239' title='bbox 923 3687 1070 3731; x_wconf 80' lang='lat' dir='ltr'>voeerre.</span> <span class='ocrx_word' id='word_1_240' title='bbox 1139 3666 1239 3731; x_wconf 67' lang='lat' dir='ltr'>Ultra</span> <span class='ocrx_word' id='word_1_241' title='bbox 1260 3663 1336 3748; x_wconf 86' lang='lat' dir='ltr'>apud</span> 
     </span>
     <span class='ocr_line' id='line_1_32' title="bbox 308 3765 1337 3852; baseline -0.002 -24"><span class='ocrx_word' id='word_1_242' title='bbox 308 3766 452 3830; x_wconf 82' lang='lat' dir='ltr'>Plinium</span> <span class='ocrx_word' id='word_1_243' title='bbox 477 3787 665 3850; x_wconf 86' lang='lat' dir='ltr'>pernexum</span> <span class='ocrx_word' id='word_1_244' title='bbox 682 3787 756 3831; x_wconf 88' lang='lat' dir='ltr'>curn</span> <span class='ocrx_word' id='word_1_245' title='bbox 778 3767 1007 3852; x_wconf 83' lang='lat' dir='ltr'>superioribue,</span> <span class='ocrx_word' id='word_1_246' title='bbox 1033 3771 1081 3832; x_wconf 89' lang='lat' dir='ltr'>uti</span> <span class='ocrx_word' id='word_1_247' title='bbox 1097 3770 1197 3832; x_wconf 82' lang='lat' dir='ltr'>etiem</span> <span class='ocrx_word' id='word_1_248' title='bbox 1212 3765 1337 3831; x_wconf 83' lang='lat' dir='ltr'>Hardui·</span> 
     </span>
     <span class='ocr_line' id='line_1_33' title="bbox 308 3867 1335 3952; baseline 0.002 -24"><span class='ocrx_word' id='word_1_249' title='bbox 308 3869 531 3952; x_wconf 72' lang='lat' dir='ltr'>nonexplicat.</span> <span class='ocrx_word' id='word_1_250' title='bbox 556 3870 601 3936; x_wconf 82' lang='lat' dir='ltr'>eil</span> <span class='ocrx_word' id='word_1_251' title='bbox 620 3871 699 3934; x_wconf 84' lang='lat' dir='ltr'>ultra</span> <span class='ocrx_word' id='word_1_252' title='bbox 715 3871 815 3932; x_wconf 81' lang='lat' dir='ltr'>linum</span> <span class='ocrx_word' id='word_1_253' title='bbox 832 3868 941 3942; x_wconf 70' lang='lat' dir='ltr'>intulit</span> <span class='ocrx_word' id='word_1_254' title='bbox 955 3867 1119 3942; x_wconf 78' lang='lat' dir='ltr'>refertum,</span> <span class='ocrx_word' id='word_1_255' title='bbox 1145 3871 1226 3932; x_wconf 82' lang='lat' dir='ltr'>circa</span> <span class='ocrx_word' id='word_1_256' title='bbox 1241 3868 1335 3932; x_wconf 84' lang='lat' dir='ltr'>fauuet</span> 
     </span>
     <span class='ocr_line' id='line_1_34' title="bbox 308 3967 1335 4062; baseline 0.006 -36"><span class='ocrx_word' id='word_1_257' title='bbox 308 3967 393 4032; x_wconf 87' lang='lat' dir='ltr'>tinue</span> <span class='ocrx_word' id='word_1_258' title='bbox 421 3970 567 4043; x_wconf 83' lang='lat' dir='ltr'>Arabici.</span> <span class='ocrx_word' id='word_1_259' title='bbox 598 3971 655 4034; x_wconf 88' lang='lat' dir='ltr'>nbi</span> <span class='ocrx_word' id='word_1_260' title='bbox 683 3972 717 4038; x_wconf 87' lang='lat' dir='ltr'>lr.</span> <span class='ocrx_word' id='word_1_261' title='bbox 741 3973 777 4038; x_wconf 87' lang='lat' dir='ltr'>ln</span> <span class='ocrx_word' id='word_1_262' title='bbox 804 3971 918 4038; x_wconf 85' lang='lat' dir='ltr'>tabulia</span> <span class='ocrx_word' id='word_1_263' title='bbox 944 3971 1173 4062; x_wconf 74' lang='lat' dir='ltr'>Geograplaioie</span> <span class='ocrx_word' id='word_1_264' title='bbox 1193 3981 1335 4038; x_wconf 76' lang='lat' dir='ltr'>notanus</span> 
     </span>
    </p>
   </div>
   <div class='ocr_carea' id='block_1_4' title="bbox 305 4066 565 4164">
    <p class='ocr_par' dir='ltr' id='par_1_4' title="bbox 305 4066 565 4164">
     <span class='ocr_line' id='line_1_35' title="bbox 305 4066 565 4164; baseline 0.031 -36"><span class='ocrx_word' id='word_1_265' title='bbox 305 4066 446 4134; x_wconf 80' lang='lat' dir='ltr'>qurrta</span> <span class='ocrx_word' id='word_1_266' title='bbox 462 4067 565 4164; x_wconf 78' lang='lat' dir='ltr'>selva.</span> 
     </span>
    </p>
   </div>
   <div class='ocr_carea' id='block_1_5' title="bbox 0 0 1378 4894">
    <p class='ocr_par' dir='ltr' id='par_1_5' title="bbox 0 0 1378 4894">
     <span class='ocr_line' id='line_1_36' title="bbox 0 0 1378 4894; baseline 0 3"><span class='ocrx_word' id='word_1_267' title='bbox 0 0 1378 4894; x_wconf 95' lang='lat' dir='ltr'> </span> 
     </span>
    </p>
   </div>
  </div>
 </body>
</html>
