2746 4894
305 409 372 478 ppo
576 343 742 453 161·Δὶ
781 339 1088 452 amelrici!

301 567 442 662 'potiora
463 561 637 639 delibabo,
662 585 748 652 quae
762 566 804 628 ad
818 565 925 630 Melae
939 561 1162 630 narrationem
1177 569 1231 630 rel
1245 564 1338 652 expli·

311 673 468 744 eandam,
490 672 545 732 rel
559 665 794 730 inlustrandam
811 667 920 734 faeere
933 665 1119 732 videantur.
1150 666 1216 732 Alii
1230 689 1339 734 vocem

312 771 485 842 Arabicam
499 783 630 857 putant,
654 767 678 833 i.
693 791 723 832 e.
741 791 834 844 uum,
859 791 937 835 cum
951 767 1050 834 unica
1065 769 1188 834 feratur
1202 769 1279 844 avis,
1302 773 1339 834 ds

314 897 382 966 quo
400 894 490 938 mox.
541 869 607 938 Alii
624 872 781 953 Gpaeeam
795 887 929 956 putant,
956 859 1088 955 Φοῖνιξ,
1112 875 1236 958 palma,
1259 874 1341 958 quod

312 1001 375 1068 per
396 973 455 1040 [oli
478 970 684 1038 fertilitatem
709 970 877 1038 interdum
899 994 940 1037 ex
961 976 1071 1058 palma
1094 977 1209 1038 arbore
1231 976 1341 1037 cadens

314 1081 480 1160 dactylus,
517 1077 573 1139 vel
597 1075 743 1160 palmula
768 1076 904 1140 alteram
929 1077 1080 1139 arborem
1100 1073 1142 1138 ‚in
1168 1073 1341 1140 deficientis

313 1163 428 1254 ascum
442 1175 559 1264 gignis
586 1174 920 1260 ct.1›11n15‚9.r.4.
937 1175 1342 1251 ettsiunsuinustnm-

316 1303 383 1373 que
399 1281 583 1346 bochartus
605 1274 643 1340 iu
658 1275 860 1343 Hieroaoioo
876 1279 917 1342 T.
937 1297 968 1343 a.
986 1276 1045 1346 lib.
1063 1281 1097 1344 6.
1113 1301 1142 1343 e.
1160 1292 1196 1359 5.
1231 1279 1343 1344 Contra

315 1407 359 1451 ex
380 1403 442 1448 ave
462 1378 571 1445 arbori
587 1399 711 1443 nomen
732 1376 878 1444 inditum
892 1383 966 1444 vult
986 1378 1178 1444 Lactantius
1203 1378 1239 1444 in
1255 1383 1343 1466 phoe-

316 1485 394 1551 nice
409 1507 441 1547 v.
458 1499 516 1559 7ο.
566 1483 605 1544 ln
621 1477 693 1546 eiua
711 1481 785 1546 sede
802 1479 991 1566 discrepant
1010 1490 1170 1548 auctores.
1206 1481 1345 1548 Arabiam

319 1609 397 1653 oum
415 1585 504 1648 Mela
527 1598 789 1648 commemorant
809 1584 1015 1659 Herodotus,
1048 1580 1198 1656 Plinius,
1224 1583 1346 1648 Solinus

319 1709 369 1755 cc.
384 1689 419 1752 ll.
452 1687 562 1749 burel.
583 1682 696 1750 Victor
719 1685 761 1748 de
781 1685 908 1750 Caesar.
921 1697 957 1766 4,
978 1696 1033 1766 ι4.
1061 1683 1151 1748 etin
1172 1683 1252 1770 epit.
1267 1695 1302 1766 4,
1317 1703 1347 1766 9.

320 1785 458 1854 Tacitus
473 1808 502 1856 c.
519 1787 542 1852 l.
563 1783 686 1874 aliique
701 1789 828 1872 plures,
860 1807 944 1874 quoa
965 1783 1121 1872 producit
1138 1785 1293 1852 Barthius
1311 1786 1348 1848 ad

318 1887 495 1958 claudian.
513 1885 616 1974 epigr.
633 1911 663 1960 ι,
681 1911 711 1956 ι.
746 1889 827 1952 lude
842 1884 1001 1973 Origenes
1016 1886 1052 1951 in
1069 1888 1202 1954 Celsum
1216 1885 1273 1952 lib.
1287 1886 1347 1969 4l.

317 2017 354 2081 p.
374 1989 457 2075 576.
480 1989 554 2077 (ed.
570 1990 612 2054 de
634 1991 665 2052 la
680 1987 776 2075 Rue)
797 2005 894 2056 vocat
915 1985 1065 2079 ’Δράβιον
1088 1987 1190 2079 ζῶον.
1226 2006 1260 2053 et
1280 1985 1347 2074 Epi-

319 2092 464 2182 phanius
480 2089 517 2154 in
531 2093 694 2156 Ancorato
711 2113 781 2178 esp.
797 2103 856 2172 85.
878 2087 1030 2182 ’Δράβιον
1052 2083 1172 2180 ὄρνεον.
1210 2091 1349 2154 Indicant

319 2193 379 2262 alii
396 2191 523 2260 faciunt
539 2195 728 2266 volucrem,
750 2191 787 2256 in
802 2191 923 2280 quibus
938 2191 1105 2258 Lucienus
1120 2195 1185 2258 c.l.
1207 2187 1348 2277 (Ἰνδικὸν

319 2291 452 2388 ὄρνεον)
478 2293 597 2360 auton.
620 2292 709 2380 epill.
728 2313 787 2367 oo,
803 2305 837 2376 8.
861 2311 895 2358 et
913 2292 1006 2377 idyll.
1029 2319 1085 2372 ιι,
1107 2297 1160 2360 ιθ.
1183 2298 1199 2375 (
1211 2295 1350 2378 Gangeti-

318 2423 375 2464 ωε
395 2399 481 2477 ates)
518 2393 632 2461 Sidon.
654 2393 833 2482 Apollinar.
856 2416 955 2460 cartu.
972 2415 1007 2478 9,
1028 2412 1113 2475 322.
1145 2393 1350 2461 Philostratus

319 2523 350 2566 e.
369 2503 391 2563 l.
419 2519 459 2562 ex
474 2517 541 2584 quo
554 2513 666 2560 tamen
681 2499 822 2560 Tuetaes
834 2495 912 2562 chil.
927 2511 961 2577 5.
977 2495 1047 2562 titt
1063 2501 1097 2563 6.
1111 2519 1144 2560 v.
1156 2513 1242 2580 393.
1259 2497 1351 2560 refert

319 2597 358 2664 in
378 2604 523 2682 Aegypto
545 2594 685 2670 versari,
715 2595 752 2660 in
777 2597 953 2683 Aethiopia
979 2596 1086 2672 mori,
1119 2597 1245 2686 aliique
1267 2595 1350 2684 apud

319 2701 433 2768 Barth.
444 2720 479 2786 9·
499 2701 521 2762 l.
554 2699 739 2783 Aethiopem
761 2697 846 2764 dicit
867 2691 1009 2765 Achilles
1033 2697 1149 2764 Tatius
1165 2721 1194 2766 c.
1213 2703 1236 2765 l.
1269 2692 1351 2791 Affy·

320 2806 402 2868 rium
417 2796 578 2864 Martialis
593 2813 629 2880 5,
645 2817 678 2878 7.
691 2799 739 2864 in.
788 2802 839 2866 Ad
857 2814 1030 2866 &tremum
1046 2803 1196 2866 orientem
1212 2805 1351 2887 relegant

322 2900 529 2970 Claudianus
549 2917 583 2965 et
600 2899 809 2981 Lactantius,
841 2919 875 2966 et
894 2900 976 2967 hinc
995 2903 1037 2967 ad
1056 2901 1186 2988 ignotas
1204 2901 1351 2988 regiones

320 3001 550 3072 Artemidorus
563 3013 599 3085 4,
614 3013 676 3086 47.
696 3021 730 3068 et
745 3002 864 3068 Suidas
879 3006 912 3068 h.
928 3027 962 3070 v.
986 3005 1042 3092 (T.
1059 3019 1092 3084 3.
1109 3027 1142 3090 p.
1152 3008 1238 3087 641.
1255 3000 1351 3090 Rufa)

320 3109 476 3171 Phariam
489 3127 580 3168 avena
596 3121 694 3168 vocat
709 3103 829 3170 Statius
846 3103 962 3172 Silvar.
975 3124 1008 3180 a,
1025 3109 1060 3180 6,
1073 3116 1133 3184 87.
1155 3105 1239 3194 quia
1249 3105 1286 3170 in
1300 3107 1352 3169 Ae·

321 3204 413 3294 gypsi
431 3203 625 3291 Heliopolin
647 3204 825 3293 aliquando
846 3207 989 3270 devolat.
1040 3210 1079 3269 ln
1091 3208 1227 3272 Atlante
1245 3221 1351 3273 monte

321 3311 364 3373 sd
389 3304 574 3372 confinium
598 3303 784 3393 Heliopolis
816 3305 914 3393 ponit
942 3309 1110 3373 Gervalius
1134 3305 1171 3372 in
1197 3305 1350 3374 Leibnitii

320 3405 484 3494 scriptore.
506 3427 617 3472 rerum
644 3406 813 3474 Brunlvic.
836 3411 935 3479 Tom.
959 3433 990 3476 1.
1009 3433 1042 3496 p.
1059 3412 1143 3492 986.
1201 3407 1285 3475 Eius
1305 3409 1351 3472 de·

319 3507 533 3594 scriptionem
555 3509 611 3572 dat
630 3511 788 3576 Herodot.
808 3529 840 3585 a,
858 3526 917 3590 75.
943 3531 984 3575 ex
1005 3509 1153 3597 imagine
1172 3509 1265 3596 picta
1286 3532 1350 3597 pro·

319 3614 474 3700 politam:
501 3607 547 3674 roi
564 3607 623 3700 μὲν
645 3601 750 3679 αὑτοῦ
771 3607 972 3704 χρυσόκομα
993 3613 1062 3678 eois
1078 3615 1224 3704 respuis,
1246 3611 1293 3679 rei
1315 3610 1350 3684 di.

317 3707 460 3803 ἐρυθρά·
492 3709 522 3788 ἐς
539 3707 585 3776 roi
607 3705 754 3802 μάλιστα
776 3713 867 3796 αἐτῷ
885 3711 1070 3805 περιήγησιν
1092 3710 1291 3808 ὁμοιότατος
1305 3704 1350 3779 asi

318 3811 359 3880 ri
379 3811 537 3905 μέγαθος.
586 3815 670 3877 Eam
692 3817 747 3877 vel
770 3816 913 3879 reddunt
934 3812 1011 3889 alii,
1043 3819 1098 3880 vel
1119 3812 1350 3890 exornant‚in

319 3913 363 3980 iia
377 3911 519 3986 Plinius,
541 3911 674 3978 Solinus
689 3914 824 4004 aliique,
846 3915 883 3980 in
897 3915 950 3979 his
961 3912 1153 3981 Lactantius
1164 3942 1196 3982 v.
1211 3933 1281 3998 125
1294 3919 1349 4004 qu.

320 4013 525 4081 Claudianus
535 4036 567 4078 v.
584 4017 701 4104 aliiqq.
717 4039 859 4105 quorum
869 4017 1020 4082 omnium
1035 4021 1109 4084 loca
1123 4018 1351 4084 exhibuitBar·

318 4115 410 4186 thius
428 4116 471 4182 etl
487 4112 711 4186 Claudianum
732 4141 765 4208 p.
782 4137 856 4210 979
873 4121 916 4214 lq.
943 4123 1000 4190 eall
1017 4120 1163 4189 deiidero
1178 4117 1350 4196 Ezechieli.
