2674 4906
296 411 360 474 870
468 419 470 424 ·
564 397 725 460 raom
765 399 1078 462 anonumum

297 576 404 641 amnis
419 576 492 638 item
504 563 599 664 ficut
614 576 687 657 agri
700 575 848 656 proximo
864 575 988 658 Cophes
1002 576 1051 638 In
1070 572 1237 658 medioque
1250 575 1331 638 Sabae

290 671 374 773 June
393 667 518 769 cespite.
555 676 593 736 ln
607 675 793 740 Ptolemaeo
809 693 843 756 7.
863 695 894 742 ι.
911 677 994 739 linia
1010 678 1141 740 fluviae
1157 676 1213 739 hic
1227 697 1332 740 memo·

172 839 175 844 .
297 792 400 850 ratur,
427 778 482 858 qui
500 777 534 836 in
552 776 670 838 Indum
693 777 752 840 hac
772 792 859 861 parto
874 781 1030 851 excurrit,
1058 780 1200 860 uinaque
1220 779 1333 841 diverti·

297 881 398 970 giam
425 873 620 966 (ἐκτροπή.)
677 877 849 942 Diversum
881 894 989 942 autem
1023 879 1092 942 effe
1124 900 1142 942 a
1177 878 1282 960 Copiae
1303 899 1334 942 ex

297 981 431 1046 Arriano
453 991 550 1062 patet,
575 979 629 1061 qui
644 989 815 1062 utrumque
834 979 941 1053 habet,
963 995 997 1044 et
1014 991 1055 1060 4,
1075 995 1141 1060 23.
1160 975 1247 1066 Χόην
1263 981 1335 1041 hune

296 1093 405 1146 voert.
455 1081 506 1141 Ex
534 1098 598 1162 quo
621 1080 713 1143 simul
742 1081 884 1164 adparet,
916 1083 951 1144 iu
975 1083 1072 1145 Alex.
1094 1081 1147 1144 M.
1176 1083 1284 1143 itinere
1301 1081 1334 1143 rd

296 1184 419 1248 indum
445 1179 583 1264 Cophen
613 1179 703 1242 iuiffe
735 1183 887 1265 priorem.
937 1183 1136 1246 Secundum
1164 1181 1265 1246 Surb.
1291 1193 1335 1258 15.

296 1277 622 1370 pag.479.1.697.
647 1284 733 1365 prior
755 1281 817 1344 fuit
843 1281 1021 1367 Choaspes.
1057 1286 1119 1366 qui
1152 1285 1188 1344 in
1214 1283 1335 1364 Cophen

297 1383 440 1457 affluxit,
468 1382 538 1466 post
558 1381 697 1466 Cophen
717 1384 827 1446 Indua.
895 1385 930 1448 Si
956 1405 996 1446 ex
1020 1376 1189 1476 Choaspa
1210 1385 1284 1445 urbe
1302 1383 1334 1444 ad

298 1488 421 1550 flumen
449 1483 501 1544 fita
525 1485 559 1545 iu
586 1483 724 1548 Ptolem.
745 1486 779 1556 6,
806 1501 865 1553 20.
887 1476 1049 1568 Choaspen
1075 1486 1145 1558 est,
1178 1485 1227 1548 uti
1250 1485 1331 1546 eriam

298 1588 431 1651 coniicit
446 1581 571 1650 Salmas.
587 1585 621 1645 iu
639 1585 742 1648 Solin.
757 1605 789 1668 p.
805 1605 849 1650 m.
866 1595 952 1666 495.
974 1585 1117 1649 discedit
1133 1587 1331 1652 Ptolemaeus.

298 1687 382 1772 apud
397 1705 493 1768 quem
506 1685 542 1747 in
557 1683 673 1746 Indum
687 1686 868 1768 [impliciter
882 1687 1029 1750 decurrit.
1060 1687 1244 1749 D’Anviiie
1261 1706 1289 1768 p.
1302 1686 1328 1747 6.

297 1801 405 1876 putat,
433 1787 568 1868 Cophen
586 1785 647 1848 effe
662 1785 799 1850 fluvium
816 1805 916 1870 prope
931 1787 1143 1860 Kandabar,
1175 1805 1272 1869 quem
1286 1801 1331 1846 no·

297 1893 388 1954 mine
404 1885 748 1972 proditTieffeuthaler
762 1888 833 1951 Vol.
852 1879 881 1952 ι’.
898 1907 969 1973 pag.
982 1901 1036 1966 15.
1054 1885 1177 1958 Nilab.
1201 1887 1329 1968 quamvir

299 1990 406 2063 addit,
439 2007 479 2050 ex
502 2000 647 2050 veterum
671 1986 777 2049 tabula
799 1988 859 2051 eiie
882 1986 960 2051 olim
986 1989 1111 2053 Choen.
1159 1989 1233 2050 vid.
1252 1985 1330 2048 d’drr

298 2091 376 2154 ville
401 2109 480 2170 quae
494 2108 522 2154 e.
537 2089 559 2150 Ι.
578 2089 737 2171 disputat,
767 2089 898 2152 conlatio
913 2105 1020 2152 temen
1044 2089 1144 2174 iupra
1168 2087 1283 2172 pontia,
1303 2098 1328 2148 et

299 2209 379 2276 quae
400 2189 519 2251 habeut
534 2185 663 2252 Salmaii
683 2189 718 2250 in
735 2189 838 2254 Solin.
856 2211 890 2273 p.
905 2210 951 2252 m.
968 2201 1054 2273 495.
1086 2205 1123 2253 et
1145 2187 1326 2252 Freineheu.

297 2305 334 2356 et
356 2289 507 2354 cellarino
527 2289 566 2352 ad
589 2288 680 2352 Curt.
699 2299 732 2365 8.
754 2307 809 2361 10.
832 2305 892 2354 Μ.
941 2292 979 2352 in
1000 2291 1109 2353 tabula
1131 2289 1326 2353 Rennelliaur

298 2393 395 2456 fluvii
416 2391 481 2454 duo
501 2401 621 2455 coeunt
641 2388 741 2452 Niiob
760 2403 793 2452 et
812 2391 886 2454 Hir.
932 2391 994 2453 Hie
1015 2395 1049 2453 in
1072 2393 1172 2472 illum
1190 2389 1327 2452 influitet

299 2493 456 2556 remotior
477 2489 520 2552 est
544 2487 583 2552 ab
607 2490 707 2561 ludo.
742 2494 785 2552 ita
810 2505 849 2552 ut
874 2491 939 2554 Hir
962 2493 1115 2554 videatur
1141 2491 1205 2554 effe
1231 2490 1324 2566 Cion,

299 2591 401 2658 Niiob
426 2591 572 2670 Cophen.
598 2593 646 2651 uti
667 2601 701 2652 et
715 2589 818 2670 Nysae
832 2591 905 2657 saue
921 2593 1004 2656 iuter
1017 2593 1159 2676 Cophen
1174 2605 1207 2654 et
1225 2590 1324 2652 ludum

301 2694 455 2756 declarare
476 2691 607 2752 videtur
630 2709 670 2752 ex
689 2691 821 2754 Arriano
840 2704 873 2770 5.
891 2694 937 2756 in.
988 2693 1074 2756 Cum
1096 2711 1180 2756 vero
1201 2693 1323 2769 Nagara

300 2792 389 2877 (vid.
400 2791 488 2874 supra
500 2780 614 2881 Nysa)
630 2791 713 2873 apud
731 2789 951 2855 Ptolemaeum
966 2795 1004 2855 ad
1023 2791 1176 2887 Suastum
1194 2801 1322 2877 ponatur,

299 2893 389 2959 idem
404 2892 463 2956 effe
479 2891 626 2964 videtur,
648 2891 704 2974 qui
718 2892 823 2956 nostro
841 2892 976 2974 Cophes.

376 3084 599 3185 Acesines)
654 3093 707 3156 Sic
733 3094 866 3166 Graeca,
896 3109 933 3156 ut
954 3093 1156 3160 inlustratum
1178 3092 1221 3158 est
1247 3086 1320 3151 alibi·

300 3196 467 3261 Delabitur
482 3196 515 3254 in
533 3191 714 3278 Hydaspen,
730 3197 778 3256 uti
792 3197 1063 3279 produntdrrian.
1081 3200 1121 3260 de
1135 3215 1209 3278 exp.
1220 3193 1254 3261 6,
1269 3183 1320 3252 ¹·f·

300 3299 355 3380 qui
377 3298 454 3358 inde
481 3293 650 3377 Hydaspen
678 3297 713 3356 iu
741 3296 858 3358 ludum
883 3297 1022 3360 deducit.
1060 3297 1141 3360 Fest.
1164 3287 1318 3358 Avieno

300 3397 398 3460 deicr.
422 3394 489 3460 orb.
510 3414 543 3456 v.
566 3404 672 3473 1344.
702 3394 758 3457 ubi
784 3417 918 3477 magnus
936 3388 1047 3487 sorbet
1070 3387 1246 3488 Hydaspes
1265 3387 1330 3451 De.

301 3488 426 3589 lapsum
441 3487 570 3586 suurma
578 3485 735 3584 saxorum
750 3497 828 3558 mole
842 3493 1013 3586 Acestam,
1039 3499 1219 3582 penultima
1237 3491 1317 3576 igitur

300 3599 406 3683 lunga.
431 3598 480 3658 uti
500 3615 550 3677 ap.
566 3595 699 3674 Dionys.
716 3619 749 3660 v.
767 3609 875 3677 1138.
899 3597 989 3662 Curt.
1007 3617 1041 3678 9.
1060 3611 1092 3680 4,
1108 3611 1143 3677 8.
1166 3617 1188 3659 a
1209 3587 1317 3656 meridie

300 3695 445 3791 Acefines
466 3689 620 3786 Hydaspi
640 3689 867 3787 confunditur,
893 3699 964 3760 loco
988 3701 1116 3779 quidem
1133 3699 1238 3761 minua
1256 3707 1313 3752 oou

301 3819 399 3884 gruo.
426 3799 545 3879 dequo
564 3797 631 3860 vid.
648 3797 844 3861 Freinshem.
870 3799 967 3861 Diod.
984 3799 1080 3862 Sicul.
1101 3815 1156 3871 17,
1172 3799 1229 3877 96.
1254 3785 1312 3876 (ubi

301 3901 466 3981 utriuaque
482 3909 573 3961 notat
588 3893 774 3986 συμβολήν,
797 3912 830 3960 et
842 3899 883 3960 fic
896 3897 1037 3962 Eustath.
1055 3901 1093 3962 ad
1104 3893 1232 3976 Dionys.
1244 3913 1268 3952 c·
1280 3882 1311 3964 l.)

302 3999 344 4061 At
359 4000 508 4061 Arriauua
526 4012 635 4059 contra
649 4011 682 4076 5,
703 3997 769 4064 1.i.
795 4000 897 4062 indic.
914 4019 943 4062 c.
958 4009 994 4079 4.
1018 4001 1104 4080 apud
1127 3996 1244 4079 Arispai
1260 3989 1311 4064 Hi·

301 4096 431 4184 daipeur
446 4101 481 4162 in
497 4098 662 4162 acesinem
677 4101 777 4172 ducit,
802 4099 891 4163 hunc
913 4101 998 4184 apud
1014 4101 1130 4166 Malioa
1149 4102 1183 4162 in
1199 4093 1307 4160 Indum.
