2748 4888
291 392 334 476 46
561 393 724 456 uorrr
764 393 1067 456 exeun-ricla

293 685 327 738 et
348 673 466 735 Lucan.
487 692 516 743 ι.
533 680 620 754 444.
667 673 803 734 Videtur
818 669 908 734 fuiffe
925 675 1159 758 Aegyptiorum
1179 675 1315 747 ΤΙιοι.

293 785 385 859 putat
417 771 536 838 Euleb.
570 774 606 836 in
637 791 780 858 praepar.
811 773 938 860 Ereng.
960 795 990 847 ι.
1012 793 1049 856 9.
1088 775 1144 842 etfi
1170 777 1215 838 id
1265 793 1295 839 n

296 875 417 938 Martia
432 875 474 940 T.
495 896 526 940 1.
548 895 580 960 p.
596 881 657 962 49.
674 895 701 939 c.
717 875 740 939 l.
774 874 870 937 Plura
885 889 994 940 eutem
1010 877 1051 940 de
1064 895 1104 942 eu
1122 877 1275 940 debunt

293 977 375 1041 iecra
396 975 480 1042 Voss'.
502 979 543 1040 cle
563 977 642 1042 idol.
664 997 693 1048 ι.
711 989 770 1056 55.
803 976 955 1042 Boehrrt.
976 979 1011 1040 in
1034 977 1139 1044 Chen.
1162 1000 1195 1052 ι,
1230 992 1311 1061 49.
1340 977 1360 1044 e

293 1097 375 1163 quoe
392 1079 499 1142 lauder
515 1078 719 1143 Biinemenn.
736 1079 775 1140 ed
797 1078 937 1142 herent.
953 1099 980 1145 e.
998 1081 1020 1143 1.
1061 1079 1149 1143 Fullo
1172 1095 1312 1145 tamen
1338 1083 1361 1142 ir

292 1201 333 1244 ex
348 1181 445 1243 Livio
462 1182 520 1253 96.
538 1191 600 1265 44.
622 1178 736 1264 probat
752 1179 947 1252 Buchertue,
971 1201 1044 1243 cum
1062 1183 1096 1243 in
1113 1183 1212 1246 nullo
1241 1184 1361 1286 curliq

294 1285 449 1346 Teumee
470 1282 516 1344 ibi
536 1284 727 1370 reperietur.
759 1294 793 1342 et
812 1301 875 1344 ror
896 1281 951 1345 ille
971 1283 1101 1346 aliunde
1124 1281 1260 1347 inferte
1285 1283 1361 1372 iniq

293 1385 380 1468 quod
397 1398 432 1448 et
453 1383 499 1446 ibi
516 1385 645 1447 monuit
667 1381 830 1446 Dukerue.
876 1382 996 1446 Contra
1015 1385 1135 1448 Mertin
1156 1407 1241 1471 pag.
1268 1373 1361 1466 3264

293 1505 321 1549 e.
345 1484 367 1549 l.
402 1504 440 1548 ex
468 1485 588 1550 Celtice
617 1485 656 1550 L.
687 1485 794 1558 ducit,
836 1497 873 1545 ut
900 1485 938 1548 iit
972 1501 1067 1567 perer
1099 1488 1231 1568 populi.
1293 1489 1361 1564 Tae

293 1585 387 1650 ulum
411 1602 445 1652 et
464 1587 563 1652 hodie
587 1589 621 1652 in
644 1585 891 1652 Franco-Gellio
915 1588 1059 1660 retinuit,
1089 1600 1122 1652 et
1143 1589 1234 1651 olim
1255 1590 1301 1654 L.
1323 1591 1361 1664 [4

293 1689 413 1774 riguit.
451 1691 525 1755 Viri.
546 1691 581 1752 in
604 1690 716 1775 primie
741 1688 878 1774 Scaliger
898 1689 934 1750 in
962 1689 1051 1754 lectt.
1075 1688 1197 1754 Aaron.
1228 1712 1267 1765 r.
1292 1701 1361 1774 994

291 1791 351 1856 ubi
371 1775 468 1855 etiam
489 1789 709 1876 inscriptioneu
724 1789 866 1855 exhibet.
903 1790 1102 1854 Mercurium
1117 1811 1196 1854 vero
1214 1789 1362 1884 fuiil'eq

292 1894 450 1960 Romanis
464 1893 518 1958 vel
534 1891 662 1957 Greecie
683 1893 859 1956 deductum
880 1905 975 1977 neget
997 1893 1116 1955 Martia
1136 1913 1168 1976 p.
1193 1909 1258 1964 17.
1284 1889 1362 1970 all

292 1995 926 2078 exLucianilureTrrguerlocep.15.
959 1993 1016 2054 ubi
1036 1995 1216 2058 Mercurius
1240 1995 1362 2064 dicirrl]

292 2089 382 2178 Ἐγὼ
400 2091 426 2158 δ’
443 2086 481 2160 οὗ
498 2088 746 2180 πολύγλωσσός
761 2093 834 2183 εἰμι,
854 2085 1004 2158 ὥστεκαὶ
1018 2090 1169 2172 Σκύθαις
1183 2087 1244 2160 καὶ
1266 2092 1362 2186 Hip-1

294 2215 365 2272 σαις
381 2188 436 2260 καὶ
454 2190 595 2274 Κελτοῖς
610 2190 731 2262 συνετοὶ
753 2190 935 2286 κηρύττειν.
971 2196 1044 2261 Poll
1060 2218 1093 2280 p.
1111 2211 1170 2279 55.
1186 2201 1362 2262 evincere

293 2295 414 2371 studet,
450 2318 469 2361 ι
498 2297 595 2361 Gallie
621 2299 729 2381 puiiue
760 2297 896 2361 Graecus
921 2298 1084 2381 exceplffe.
1137 2299 1349 2363 Mercurium

212 2411 216 2422 ·
293 2411 402 2462 temen
418 2401 453 2463 in
469 2417 510 2464 eu
525 2412 739 2486 agnoverunt,
755 2399 809 2462 vel
823 2419 898 2462 eum
914 2397 1102 2464 censuerunt
1117 2401 1176 2465 lul.
1188 2401 1286 2467 Cael.
1304 2403 1347 2463 ele

293 2499 334 2566 Β.
348 2501 388 2566 G.
405 2504 440 2574 6,
461 2515 516 2578 17·
541 2516 575 2564 et
595 2502 660 2564 elii.
713 2501 802 2564 Alius
819 2503 917 2572 Deua,
943 2503 978 2562 in
995 2502 1087 2564 cuiue
1101 2503 1264 2565 bonorem
1281 2502 1343 2564 hu·

293 2620 405 2665 menae
425 2605 574 2666 victimae
594 2603 718 2666 oblatae
731 2599 820 2664 inille
837 2603 1015 2674 traduntur,
1041 2593 1218 2686 adpellitur
1236 2594 1342 2695 Issus.

293 2715 331 2766 ut
363 2707 481 2768 docent
505 2707 671 2777 Lucanae,
704 2704 1054 2768 ucrrnriusc.c.l.1.
1092 2705 1231 2769 Martem
1259 2723 1340 2768 eum

294 2801 384 2867 luille
406 2819 499 2888 putet
514 2807 705 2868 Biinernenn
728 2807 767 2866 ed
787 2803 986 2866 Lactantium
1001 2821 1038 2887 ρ.
1057 2817 1136 2887 155.
1169 2804 1223 2871 cf.
1238 2807 1282 2866 tle
1298 2823 1340 2867 eu

294 2908 390 2970 etiam
409 2901 534 2972 Voffiue
555 2909 596 2968 de
613 2906 724 2968 idolol.
739 2926 767 2970 c.
789 2904 811 2967 l.
845 2917 878 2967 et
894 2905 1012 2968 Mertin
1029 2923 1101 2991 pag.
1118 2907 1178 2970 69.
1194 2921 1228 2968 et
1248 2919 1335 2986 959.

294 3008 349 3090 qui
371 3019 478 3070 lemen
503 3007 641 3071 Martem
666 3006 754 3069 inille
777 3017 892 3090 neget.
929 3004 980 3068 led
1001 3007 1172 3092 [ignificare
1197 3009 1338 3070 omnino

247 3169 249 3179 ,
293 3103 371 3174 θεὸν
392 3101 577 3193 ἄγνωστον.
603 3110 704 3193 qualie
724 3112 757 3170 irr
778 3108 812 3172 S.
828 3107 861 3170 S.
880 3121 1164 3181 commemoretur,
1193 3110 1335 3173 Martem

294 3229 374 3274 veru
396 3210 554 3281 habitum,
581 3213 654 3293 quia
667 3206 747 3272 liiue
764 3207 887 3272 [Deru
902 3203 1014 3292 paffim
1035 3209 1205 3282 horribilis,
1232 3213 1336 3275 Deru·

293 3331 356 3397 que
379 3315 576 3378 exercituum
594 3309 787 3392 adpelletur,
813 3328 893 3391 quae
917 3307 987 3378 lene
1004 3307 1076 3371 lunt
1097 3311 1193 3373 lerie.
1239 3313 1332 3376 Sum·

295 3435 386 3476 mum
406 3426 512 3475 eutem
527 3413 652 3482 Deum.
678 3411 732 3474 vel
748 3411 883 3473 omnino
900 3411 1009 3472 Deum
1026 3431 1097 3474 eam
1117 3432 1232 3477 rocem
1251 3412 1332 3476 indi·

295 3535 380 3585 cure,
408 3514 554 3577 docerer
570 3512 729 3576 vocabulo
743 3511 799 3574 Gr.
813 3499 892 3573 αἶσα
907 3511 993 3594 apud
1009 3511 1134 3576 Aristot.
1151 3515 1191 3575 de
1205 3512 1327 3577 mundo

296 3630 328 3692 7,
348 3629 381 3696 5.
401 3628 433 3684 el
455 3628 583 3680 auctore
598 3615 709 3692 Etym.
726 3609 774 3674 M.
801 3609 917 3693 quibus
931 3611 1006 3673 eddi
1030 3614 1131 3695 potest
1146 3617 1278 3680 Sueten.
1294 3617 1327 3676 iu

292 3719 376 3802 Aug.
399 3734 465 3797 cap.
488 3729 549 3796 97.
577 3714 634 3776 ubi
656 3714 788 3782 (licitur,
821 3729 938 3773 vocem
960 3704 1058 3804 Aesor
1077 3718 1162 3800 apud
1185 3717 1326 3780 Etruscos

294 3815 464 3902 significare
483 3818 607 3887 Deum,
630 3813 817 3899 suffragente
832 3813 941 3875 Dione
959 3814 1018 3889 65.
1037 3829 1095 3894 99.
1123 3817 1180 3878 ubi
1199 3815 1239 3880 ef.
1257 3817 1326 3882 liei·

294 3939 413 3989 marus,
447 3921 501 4000 qui
532 3916 681 3980 hariolari
710 3915 887 3976 Matrinum
915 3913 1012 3986 dicit,
1051 3919 1137 3997 quod
1165 3918 1323 3981 Gallorum

291 4017 408 4088 ¹Aulum
430 4033 463 4082 et
484 4019 678 4082 Graecorum
695 4012 760 4081 Δία
781 4015 919 4079 eundem
940 4011 1001 4077 effe
1017 4018 1106 4081 velit.
1152 4017 1204 4082 Cf.
1232 4023 1321 4083 etiem

290 4119 470 4202 Hesychiue
488 4119 509 4185 l.
528 4141 562 4184 r.
577 4113 678 4184 Δῖσοι.
717 4119 805 4181 Tum
822 4134 956 4200 quercu·
971 4112 1075 4180 forma
1091 4119 1214 4184 uultum
1229 4119 1320 4194 inille,

293 569 402 656 potine
417 587 456 634 ex
472 565 612 654 ipsorum
625 569 737 655 ,lingua
758 569 939 643 Terrenum.
962 584 1000 634 ut
1016 570 1096 634 elicit
1110 571 1360 966 Leonum}
