2724 4904
283 387 348 470 με
554 383 717 447 norea
756 383 1064 444 axaoarrcaa

285 567 477 632 Characeno
488 563 518 642 ς.
540 583 569 627 1.
586 581 620 646 p.
638 573 697 640 53.
721 560 861 647 (Geogr.
877 561 958 626 min.
976 559 1076 625 Hudi.
1101 561 1173 626 Vol.
1191 557 1253 646 9.)
1285 561 1360 624 etii

287 666 415 733 Salmas.
430 667 469 728 ad
485 665 586 726 Solio.
603 683 671 747 cap.
690 675 747 740 55.
764 663 785 724 i.
803 676 861 742 58.
885 664 961 726 inde
976 664 1112 748 intelligi
1127 663 1213 747 poffe
1232 677 1360 748 putat,

289 768 451 834 curPerfi'a
460 765 562 850 postea
572 763 627 827 tub
637 765 829 827 Parthorum
842 768 950 850 regnis
963 784 1031 828 nou
1046 780 1360 831 commemoretur.

289 866 337 936 Er
353 887 431 936 vero
447 871 488 930 de
502 865 589 930 causa
604 867 700 930 etiam
713 867 822 928 Parthi
837 880 870 928 et
885 864 995 929 Persae
1008 866 1217 950 promiscuae
1234 867 1346 950 poste

288 971 431 1037 rioribus
453 971 592 1032 maxime
612 967 793 1031 auctoribua
810 969 873 1030 dici
898 967 1009 1032 [olent.
1049 969 1121 1031 vid.
1137 969 1175 1031 ad
1193 971 1361 1052 Eutrop.

291 1075 324 1149 6,
342 1084 376 1154 Β.
391 1070 414 1136 s.
431 1086 466 1150 7.
481 1083 515 1135 at
526 1069 612 1134 aiibi.
639 1070 747 1133 Hodie
760 1065 926 1166 Farflstan
940 1071 975 1132 in
990 1088 1026 1134 ea
1039 1083 1127 1154 parte
1145 1073 1318 1137 cernitur.

367 1276 427 1338 Sa
440 1271 461 1336 h
475 1275 487 1336 i
499 1272 542 1358 s)
591 1273 666 1339 Viri.
682 1287 750 1338 not.
767 1273 837 1337 crit.
858 1294 931 1360 pag.
949 1276 1020 1353 965
1035 1273 1097 1358 [qq.
1150 1265 1360 1359 Quaeritur,

290 1391 402 1444 utrum
426 1376 464 1440 ah
487 1377 556 1439 aliie
582 1377 677 1458 Sagis
700 1389 833 1440 vocetur
852 1373 874 1440 i.
892 1377 1058 1457 Saganos.
1093 1377 1142 1437 uti
1165 1377 1362 1439 contendi

291 1477 434 1551 Vettius.
460 1499 500 1540 au
516 1479 694 1541 Ptolemaei
718 1476 752 1538 fit
772 1478 884 1550 Sana,
915 1479 1003 1559 quod
1026 1478 1128 1561 placet
1145 1477 1358 1541 Ciacconio.

291 1583 418 1646 Pliniua
431 1581 528 1644 etiarn
545 1576 643 1642 Sabin
659 1577 755 1642 habet
769 1581 803 1650 6.
820 1595 880 1653 97.
890 1577 911 1643 i.
923 1595 983 1659 23.
1000 1593 1034 1640 et
1050 1581 1211 1659 Saganam
1228 1599 1258 1641 c.
1284 1591 1360 1657 98.

292 1683 318 1750 Ι.
337 1691 398 1764 95.
418 1696 453 1745 et
475 1678 616 1744 dinerfoa
637 1679 736 1742 facete
756 1680 896 1744 videtur.
949 1683 1010 1752 Ut,
1039 1696 1196 1762 quatenua
1222 1680 1361 1762 potest.

294 1785 454 1848 iudicium
470 1783 649 1854 adiuvetur,
669 1800 857 1865 proponam,
881 1801 963 1864 quae
979 1783 1018 1844 dc
1028 1783 1192 1846 Carmania
1204 1781 1361 1846 t‘ttntua

295 1887 422 1951 adtulit.
472 1883 574 1950 Ponit
598 1897 705 1946 autem
732 1883 933 1947 Carmaniam
961 1881 1048 1946 sensu
1078 1885 1226 1966 antiquo.
1261 1887 1360 1965 quia

294 1980 476 2074 praemittit
490 1985 750 2070 Ichthyophagoa
765 1984 879 2056 Oritae,
907 1982 1030 2046 subiicit
1045 1983 1172 2048 Perfida
1185 2003 1254 2067 cap.
1283 1997 1358 2063 95.

296 2087 320 2154 i.
338 2101 398 2168 95.
420 2105 570 2169 oramque
588 2086 775 2150 Carmaniae
797 2105 837 2148 ax
859 2086 995 2148 Nearchi
1021 2085 1173 2148 sententia
1193 2099 1227 2147 et
1250 2105 1360 2148 corn·

293 2190 465 2276 putatione
489 2189 605 2270 repetit
630 2207 696 2270 cap.
713 2203 771 2263 27.
790 2187 811 2252 r.
829 2201 889 2268 25.
922 2188 1051 2251 acutae
1077 2190 1170 2251 initio
1196 2187 1361 2252 ostendit

295 2288 399 2356 Satin
414 2286 449 2351 fl.
467 2301 629 2352 remotum
652 2310 719 2354 roo
738 2288 786 2352 M.
807 2287 846 2354 P.
897 2289 978 2352 lude
998 2291 1108 2352 vineae
1125 2291 1186 2351 coli
1205 2302 1242 2351 et
1263 2309 1359 2354 arva

295 2393 339 2456 ad
355 2391 478 2454 flumen
496 2387 649 2454 Andania
671 2403 717 2469 95
735 2389 782 2453 Μ.
806 2388 916 2473 [patio.
957 2392 998 2452 At
1021 2389 1085 2473 ipia
1107 2390 1246 2453 Nearchi
1274 2412 1360 2455 nar-

296 2495 379 2557 ratio
405 2512 437 2574 p.
454 2505 500 2555 99
517 2489 559 2572 iq.
582 2490 682 2555 Hudi.
706 2491 810 2576 (apud
827 2493 996 2554 Attianum
1018 2493 1053 2553 in
1071 2491 1188 2554 Indicia
1205 2511 1235 2580 c.
1255 2492 1359 2576 59.)

297 2613 317 2658 a
331 2592 430 2664 Boot,
447 2612 543 2674 quem
556 2592 665 2654 locum
679 2593 802 2656 vitibua
815 2594 971 2656 coniitum
986 2589 1075 2664 dicit,
1090 2594 1130 2654 ad
1144 2595 1293 2656 Anumin
1314 2593 1357 2660 fl.

297 2695 375 2777 (qut
394 2693 458 2756 ona
476 2691 576 2755 tutto
591 2692 635 2756 an
648 2695 780 2756 naama.
793 2677 914 2774 prinu)
932 2698 966 2756 a.
985 2695 1148 2766 armana,
1174 2710 1356 2770 nument,

246 2793 251 2801 '
297 2794 461 2879 fifingula
476 2806 661 2877 computes,
683 2794 777 2858 stadia
799 2797 891 2860 1600
913 2797 936 2860 i.
951 2815 981 2858 e.
1000 2812 1072 2860 ooo
1093 2795 1140 2858 M.
1159 2793 1196 2862 Ρ.
1223 2816 1320 2878 quae
1336 2819 1358 2863 a

297 2895 400 2964 Plinii
419 2893 565 2958 mensura
581 2897 719 2960 maxime
735 2899 905 2970 recedunt,
928 2898 985 2980 qui
1000 2896 1167 2960 Oueiicriti
1186 2901 1356 2965 narratio-

298 3013 378 3062 nem
392 2995 515 3061 secutae
528 2998 669 3061 videtur.
707 2998 793 3062 Cum
810 2997 1016 3064 Ptolemaeua
1029 3000 1062 3069 6.
1079 3008 1113 3074 8.
1132 2995 1230 3060 Sabin
1248 3003 1356 3084 oppi-

300 3100 380 3162 dana
400 3112 648 3172 commemoret,
682 3101 770 3183 quod
795 3099 878 3164 forte
903 3101 942 3163 ari
964 3101 1191 3184 cognominem
1213 3097 1253 3162 tt.
1280 3101 1358 3166 fuit

299 3200 409 3271 titum,
432 3213 467 3263 et
480 3197 585 3262 Sabus
598 3197 744 3282 Dionyiii
757 3222 791 3265 v.
805 3200 910 3282 1069.
927 3202 960 3264 in
975 3201 1038 3264 hoc
1052 3213 1151 3264 tractu
1166 3198 1356 3284 suspicatur

297 3303 376 3366 iude
392 3300 563 3365 Saimaiiue
577 3302 616 3364 ad
633 3304 735 3367 Solin.
750 3322 778 3367 c.
795 3315 854 3382 54.
868 3299 959 3381 i57.
978 3302 1017 3366 ab
1034 3303 1168 3365 Arriano
1184 3299 1356 3387 [criptum

298 3401 360 3466 effe
381 3421 440 3485 pro
453 3401 543 3464 Bada·
562 3401 672 3466 Sabin.
722 3405 871 3466 Attamen
888 3417 922 3468 et
938 3403 977 3466 fic
995 3423 1204 3468 numerorum
1221 3407 1354 3471 diacre·

220 3557 224 3564 .
298 3504 406 3588 pontia
424 3515 584 3576 remanet,
619 3505 678 3568 nttt
701 3503 796 3568 rerba
820 3517 865 3583 95
882 3505 929 3569 Μ.
953 3503 1051 3589 spatio
1072 3505 1110 3568 ad
1133 3524 1245 3590 agrum
1263 3511 1354 3572 viti·

299 3602 407 3668 fetum
420 3601 516 3666 unice
531 3602 664 3677 referat,
689 3606 745 3668 etii
766 3606 829 3669 hoc
844 3605 997 3678 efficitur,
1021 3606 1171 3670 Andania
1188 3627 1258 3669 nou
1275 3611 1349 3676 elie

299 3706 443 3770 nostrum
459 3703 568 3768 Sabin.
606 3706 745 3778 Accedit,
760 3709 846 3790 quod
857 3707 1021 3770 Nearchus
1036 3720 1069 3770 et
1079 3707 1202 3770 Plinius
1218 3709 1350 3774 Armu-

298 3808 394 3878 ziam,
417 3807 471 3871 val
483 3807 665 3870 Armuziam
681 3823 799 3872 vocant
811 3811 986 3893 regionem.
1010 3828 1067 3891 par
1080 3829 1174 3891 quam
1190 3810 1350 3880 Andania

177 3957 181 3966 .
238 3907 241 3915 ’
296 3905 459 3974 effluebat.
491 3908 671 3974 Marcianus
691 3929 723 3993 p.
739 3928 797 3976 or.
813 3908 953 3988 (Hudt.)
974 3911 1061 3971 enim
1076 3909 1114 3972 ab
1129 3909 1258 3973 Adriani
1275 3912 1352 3997 (ue

294 4027 354 4092 pro
368 4005 513 4091 hodani)
530 4011 570 4072 ari
585 4011 790 4075 Armozuiam
804 4013 1062 4095 promontorium
1078 4024 1224 4074 numerat
1241 4013 1352 4081 stadia

302 4119 410 4192 ⁸4⁰⁰»
430 4109 472 4175 tic
485 4123 523 4176 ut
534 4131 608 4186 oum
618 4114 762 4192 arriano,
780 4114 833 4180 vel
845 4113 989 4183 Nearcho
1007 4114 1043 4178 iu
1058 4111 1150 4177 cursu
1166 4115 1349 4186 maritimo
