2674 4906
285 430 347 492 are
552 431 713 493 uonna
754 413 1063 494 exnonrrcrn

286 607 423 672 omnino
439 607 472 668 in
492 602 600 669 iniulia
618 605 658 667 ari
679 605 829 669 ducatum
845 601 1122 694 Schlelviceniem
1138 605 1316 688 quaerendae

286 723 377 796 putat
392 707 533 779 Alaaias,
566 727 640 770 cum
656 709 693 768 rd
717 707 915 772 occidentem
929 706 1090 774 Cimbrici
1111 709 1315 789 promontorii

287 811 392 879 nullae
414 808 473 870 lint
490 808 598 872 hodie.
634 807 765 874 Cluver.
780 829 806 874 c.
823 809 846 873 l.
869 823 902 890 3,
920 819 981 892 4ο.
999 830 1033 892 p.
1054 809 1143 884 665.
1168 809 1205 868 ad
1226 808 1334 869 orien»

289 925 356 978 tem
372 909 440 973 litat
455 908 515 973 elle
528 923 618 993 putat
633 901 736 999 Leffa,
759 911 853 982 liam,
877 911 1011 975 Arrholt.
1061 909 1244 993 Schoening
1259 929 1282 971 c.
1296 909 1316 970 l.

288 1012 398 1083 Mors,
436 1011 518 1093 Tityo
540 1024 573 1072 et
597 1002 799 1101 Vendsyffel,
832 1033 963 1096 quarum
989 1013 1075 1074 duae
1098 1013 1245 1079 ultimae,
1269 1007 1315 1070 etii

289 1113 387 1176 hodie
408 1113 587 1176 continenti
609 1111 813 1185 adhaereant,
846 1116 924 1175 olim
946 1112 1069 1176 infulae
1092 1111 1182 1172 fuille
1207 1108 1259 1192 ipii
1277 1111 1317 1171 ri·

291 1216 416 1283 alentur.
465 1213 575 1276 Plures
591 1232 667 1275 vero
688 1214 802 1278 insulae
821 1215 853 1276 in
875 1215 1006 1279 Oceano
1024 1205 1220 1280 Germanico
1240 1221 1317 1271 nutat

291 1315 404 1378 Strabo
420 1330 453 1390 7.
475 1335 505 1397 p.
523 1331 607 1379 ttot.
623 1313 645 1378 l.
664 1332 748 1395 291.
766 1317 800 1377 in
822 1317 921 1398 ilaque
943 1337 1045 1376 unam
1071 1312 1174 1380 adfert
1198 1312 1317 1372 nomine

289 1417 485 1498 Byrrhanin,
506 1438 521 1479 a
539 1415 639 1477 Druso
654 1431 874 1502 expugnatam.
902 1417 1071 1500 Stephano
1090 1415 1124 1479 lt.
1142 1436 1174 1476 v.
1197 1411 1237 1475 eil
1251 1409 1319 1470 Bur·

291 1519 419 1589 charris,
451 1517 505 1599 qui
533 1518 719 1587 Strabonem
747 1517 855 1581 tellam
880 1519 1022 1604 adlegat,
1067 1517 1124 1578 etii
1150 1516 1202 1576 ille
1226 1511 1318 1586 alitem

291 1619 399 1683 Plinio
416 1629 450 1698 4,
472 1635 531 1697 27.
554 1615 576 1681 l.
606 1633 660 1699 ¹3·
686 1619 876 1694 Barchana,
918 1623 971 1702 qui
1006 1613 1213 1688 nobiliffimie
1245 1613 1317 1672 illiut

291 1732 406 1782 tractua
430 1719 538 1788 insulie
560 1719 719 1794 adcenlet,
749 1722 946 1804 omninoque
967 1735 1011 1801 23
1032 1719 1150 1792 habet,
1175 1734 1248 1798 quae
1267 1712 1318 1771 hut

290 1823 466 1911 pertinere,
492 1817 664 1908 progrelllo
682 1842 699 1885 a
715 1825 937 1906 promontorio
954 1821 1123 1885 Cimbrico
1140 1819 1179 1880 ad
1196 1813 1317 1878 Scaldim

292 1923 397 1986 docet.
430 1922 553 1987 Omnee
568 1923 632 1986 lere
648 1921 773 1988 lumino
789 1921 941 1986 consensu
958 1923 990 1989 h.
1006 1923 1173 1985 Baralirem
1188 1919 1226 1980 ad
1245 1912 1318 1976 Ami·

293 2023 351 2086 fiae
368 2025 482 2086 ollium
497 2025 639 2096 credunt,
661 2025 794 2095 nomine
810 2027 906 2088 etiam
924 2024 1066 2088 invitati.
1102 2020 1154 2094 Cf,
1171 2021 1317 2082 Pontanut

291 2126 327 2194 in
349 2124 495 2208 chorogr.
519 2127 640 2189 Daniae
660 2122 756 2189 ‹lelcr.
779 2146 851 2210 pag.
869 2127 953 2204 665.
1006 2125 1098 2188 Olim
1124 2123 1230 2188 ettam.
1255 2112 1318 2175 leli

291 2223 397 2288 Plinio
412 2245 438 2285 c.
455 2227 475 2288 l.
492 2224 630 2290 Fabaria
646 2245 662 2294 a
677 2223 776 2312 frugis
793 2227 996 2290 fimilitudine
1013 2225 1128 2308 sponte
1144 2217 1317 2304 provenien·

293 2327 335 2390 tia
352 2327 433 2390 dicta
455 2327 508 2392 cll.
560 2327 646 2390 Alibi
669 2339 775 2394 tamen
798 2338 851 2404 18,
871 2341 929 2408 30.
945 2326 966 2390 l.
984 2344 1041 2393 ta.
1059 2324 1216 2389 Fabarias
1236 2315 1317 2378 habet

294 2424 407 2496 insulae
429 2428 463 2494 in
485 2427 615 2500 Oceano
640 2426 904 2510 septemtrionali,
931 2429 986 2510 qui
1007 2429 1051 2492 eli
1067 2427 1173 2492 noller
1190 2423 1238 2482 hic
1254 2417 1316 2478 (ier-

293 2529 449 2594 manicut.
484 2529 647 2592 Praeterea
662 2531 784 2592 Plinius
800 2541 834 2608 4,
849 2546 907 2608 27.
924 2529 1013 2610 l,13.
1032 2543 1125 2593 notat
1141 2521 1315 2588 Glellariam,

294 2627 363 2713 post
382 2631 476 2694 etiam
500 2621 670 2719 Gleffarias
692 2651 708 2694 a
731 2629 873 2702 succino,
906 2630 968 2694 alio
997 2632 1133 2694 nomine
1155 2617 1316 2702 Electridas

295 2729 333 2798 ab
348 2729 483 2802 electro,
509 2751 548 2802 ex
564 2731 706 2804 sermone
727 2734 939 2796 recentiorum
962 2731 1168 2794 Graecorum.
1211 2721 1272 2805 Qul
1283 2715 1315 2776 ³1¹

295 2824 488 2894 Borulltcam
505 2851 592 2904 oram
607 2846 744 2916 ponunt,
761 2832 831 2899 lunt
844 2836 942 2905 enirn,
957 2823 1210 2918 longiutacurlu
1225 2833 1254 2884 et
1266 2819 1315 2880 tu

242 2969 246 2976 ·
295 2929 392 2992 Plinii
418 2931 577 3004 aberrant,
612 2932 737 3017 decepti
762 2935 868 2998 electri
891 2936 1073 3006 mentione,
1100 2927 1241 3013 quadiu
1265 2919 1317 2980 Bn-

295 3027 407 3098 rulllcn
425 3052 476 3093 ora
494 3047 616 3095 tantum
631 3037 769 3101 inveniri
785 3034 858 3097 fall'o
878 3049 1039 3117 putarunt.
1087 3037 1137 3096 De
1155 3027 1272 3090 succino
1287 3020 1314 3083 in

297 3133 465 3195 Germania
491 3139 624 3198 invento
646 3135 758 3203 diserta
772 3137 872 3199 Solin.
891 3157 957 3219 cap.
975 3151 1034 3215 25.
1059 3133 1080 3200 i.
1105 3152 1161 3195 ao.
1204 3123 1262 3190 Sed
1280 3131 1316 3188 01·

297 3234 352 3315 qui
365 3235 490 3304 rectius,
514 3237 700 3319 discrepant.
737 3237 877 3300 Ortelius
893 3238 925 3300 h.
941 3245 979 3299 v.
989 3239 1116 3299 Anreren
1130 3241 1229 3316 putat·
1251 3221 1314 3285 0¹¹¹*

296 3353 364 3396 ver,
383 3353 409 3395 ὓ·
429 3336 450 3396 l·
470 3349 501 3414 32
521 3351 578 3416 23.
599 3359 631 3419 p.
648 3351 732 3417 597.
755 3339 933 3422 proximam
955 3338 998 3399 illi
1021 3335 1158 3404 Strand,
1184 3320 1315 3410 quamvls

301 3426 473 3524 Gleffarias
491 3437 629 3500 diversae
643 3437 717 3500 facit
734 3452 767 3517 3,
782 3450 841 3519 40.
857 3459 888 3521 p.
907 3440 991 3504 662.
1015 3451 1047 3500 et
1063 3453 1162 3520 prope
1177 3415 1313 3492 Sitrtlantl

297 3535 405 3598 verius
422 3536 626 3623 Norvagiam,
653 3540 709 3601 ubi
725 3541 832 3611 Farre,
858 3541 988 3622 quaerit,
1008 3559 1082 3600 cum
1103 3551 1217 3601 tamen,
1241 3537 1273 3585 ui
1286 3521 1313 3580 ln

297 3635 437 3712 Fabaria
453 3639 605 3710 vidimus,
628 3641 713 3702 idem
728 3642 851 3702 credam
867 3643 976 3706 cadere
990 3643 1023 3700 in
1035 3637 1220 3702 Glell'ariam·
1240 3621 1312 3686 1¹¹¹d⁰

300 3722 464 3804 Glellatiae
480 3739 888 3806 atlditActaniamPliniut.
914 3742 985 3804 vid.
996 3752 1030 3823 4,
1048 3736 1206 3816 27·l'.13·
1224 3733 1312 3808 3723·

301 3839 461 3908 Harduiu.
486 3841 524 3910 ad
544 3843 626 3905 Plio.
643 3850 677 3923 4,
695 3855 753 3922 30.
771 3841 791 3908 i.
813 3845 867 3908 16.
893 3844 949 3924 qui
969 3855 1053 3904 recte
1068 3841 1106 3914 ad
1123 3851 1240 3904 ortum·
1269 3816 1311 3884 sid

297 3935 374 4010 run
400 3941 432 4006 in
457 3939 514 4014 int.
540 3943 664 4014 ortana
686 3959 719 4006 et
748 3943 891 4007 corana
923 3943 1062 4026 quaene.
1096 3954 1129 4004 er
1160 3939 1192 4006 n.
1216 3921 1311 4014 primia

215 4057 223 4068 .
297 4039 482 4126 §Choenlllg
497 4063 523 4106 G.
543 4045 562 4107 l.
580 4067 611 4130 p,
623 4055 682 4122 87.
703 4043 758 4128 qui
774 4043 951 4108 Gleffarlam
967 4042 988 4108 [
1002 4041 1200 4136 Agfimm'am
1216 4033 1245 4092 h,
1258 4019 1309 4085 dlsrl

297 4140 453 4204 Amelaud
470 4144 639 4222 enitimur.
665 4159 698 4220 at
716 4137 889 4236 Glcffarias
907 4145 1003 4210 etiam
1024 4145 1065 4208 ed
1083 4154 1187 4206 ortum
1206 4129 1311 4196 Britru·
