2746 4894
344 326 360 389 t,

146 444 658 532 tneolr't.nt1³r..'t.'rrr.
701 467 836 533 cvtrr.
877 469 956 544 ty.
1020 487 1084 552 353

12 647 240 710 conditorem
261 642 335 708 lacit
348 622 477 708 Pliniua
494 645 527 715 6,
545 651 603 727 54.
620 643 713 726 [99.
739 639 960 712 Ptolemaeum
975 648 1079 718 Phila-

14 751 210 832 delphum,
237 747 351 810 Strabo
365 765 393 809 c.
416 745 440 812 l.
461 747 660 819 Eumedem.
686 767 783 830 quern
800 748 853 812 ille
874 751 913 813 ad
934 757 1078 820 venatio·

15 871 104 914 nem
131 849 270 914 miserat.
322 847 510 910 lntlelimul
532 849 677 932 adparet,
710 851 1078 933 paeneirtlulamiuille,

17 953 59 1016 ab
77 953 237 1015 Euutede
257 969 352 1014 muro
367 947 506 1032 foliaque
523 951 761 1016 circumdatam.
813 955 860 1015 lta
879 975 957 1018 vero
974 959 1080 1042 postea

18 1055 228 1124 Hadrianou,
253 1045 437 1115 venationi·
459 1047 704 1124 dudiolillirnue.
729 1051 841 1116 urbem
858 1056 987 1137 Myliae.
1012 1082 1078 1144 quo

18 1159 197 1220 coloniam
214 1155 398 1223 deduxerat.
423 1155 551 1216 vocavit
571 1150 739 1243 Ἀδριανοῦ
755 1151 868 1243 θήρας,
894 1157 1080 1226 Hadriano-

19 1260 154 1322 theras.
194 1257 266 1318 Viri.
285 1257 468 1339 Spertiaunt
488 1256 522 1315 in
542 1256 607 1316 vita
630 1277 656 1319 c.
674 1273 734 1320 90.
750 1271 830 1321 extr.
858 1261 923 1322 Dio
941 1259 998 1342 69,
1020 1285 1077 1330 to.

21 1359 84 1422 nbi
106 1363 153 1422 de
170 1379 206 1422 ea
223 1359 402 1421 lleimnrue.
438 1355 639 1420 Ptolemaida
661 1359 843 1444 emporium
860 1379 994 1444 parvom
1013 1365 1079 1430 fine

22 1476 153 1548 portu,
179 1481 244 1542 quo
261 1459 388 1552 scaphae
411 1471 537 1519 tontum
560 1460 707 1522 accedere
729 1459 867 1545 pollent.
893 1461 966 1525 facit
980 1465 1081 1532 Arria·

22 1555 125 1636 nuc.
139 1577 174 1626 et
192 1563 362 1624 testudinea
376 1559 422 1621 ibi
439 1573 472 1622 et
487 1561 605 1642 aliquid
624 1561 732 1626 eboris
746 1565 885 1625 inveniri
904 1579 1003 1629 notat.
1039 1571 1081 1634 lu

24 1667 183 1750 margine
197 1665 285 1726 rubri
301 1664 395 1726 maria
411 1663 487 1723 hinc
500 1675 584 1725 recte
600 1664 746 1726 conlocat
761 1663 846 1728 Plin.
864 1683 897 1736 9,
915 1681 972 1746 75.
986 1667 1005 1733 l.
1019 1685 1039 1748 7
1044 1685 1080 1750 5.

24 1769 122 1830 Sitne
139 1768 257 1830 eratin
272 1765 496 1851 Troglodytica
513 1765 654 1850 regione.
672 1765 818 1845 (Pliniua
834 1769 866 1840 6,
884 1778 941 1854 54.
961 1767 981 1832 l.
998 1775 1081 1854 29.)

24 1870 152 1934 Strabo
167 1885 202 1932 9.
220 1887 290 1953 pag.
310 1885 370 1946 9¹·
390 1863 410 1928 l.
434 1879 514 1946 135.
539 1865 678 1950 designat
699 1863 758 1951 ripe
774 1864 805 1934 ἐν
825 1869 869 1955 ru*
887 1868 1082 1958 Τρωγλοδυ-

25 1971 123 2058 criti.
161 1969 370 2034 Ptolemaeus
386 1978 420 2046 4,
437 1983 471 2042 7.
495 1967 588 2029 haltet
610 1971 643 2029 in
663 1969 831 2054 Aethiopia
850 1971 905 2033 lub
922 1975 1080 2057 Aegypto.

27 2093 159 2157 nempe
182 2073 283 2154 qnalic
305 2072 338 2130 in
361 2069 475 2132 tabulia
497 2069 675 2152 adspicitur.
727 2069 796 2154 lpie
819 2085 925 2136 antem
947 2075 1083 2163 Troglo—

28 2176 183 2256 dyticam
199 2175 364 2258 regionem
380 2171 466 2232 iuxta
478 2171 644 2235 Arabicum
660 2185 692 2234 et
708 2171 852 2236 dualiten
871 2175 973 2238 lrnnru
988 2181 1085 2260 ponit

30 2289 66 2358 4,
86 2289 127 2356 a.
152 2293 259 2358 neque
279 2274 318 2336 lic
332 2275 367 2335 in
384 2270 447 2356 ipia
462 2293 497 2335 re
512 2287 643 2358 pugnat.
676 2273 743 2336 Sita
756 2276 903 2358 erat-poll
917 2279 1004 2342 θεῶν
1024 2299 1085 2345 σω·

1 2431 2 2438 ,
31 2375 146 2466 roipert
171 2373 303 2466 λιμένα,
332 2373 441 2438 verina
456 2377 626 2437 meridiem
648 2373 822 2438 secundnm
838 2377 978 2444 Ptolem.
995 2390 1028 2461 4.
1046 2383 1081 2448 6.

1 2507 2 2514 ¹
32 2495 65 2544 et
86 2479 245 2546 Strabon.
267 2479 321 2541 ιδ.
342 2495 412 2562 pag.
432 2489 516 2558 599.
540 2475 561 2540 s.
580 2493 663 2554 77ο.
696 2483 750 2560 qui
777 2476 945 2568 Σωτείρας
966 2477 1082 2570 λιμένα

31 2595 143 2648 vocat.
200 2583 239 2642 ln
259 2579 315 2642 illo
336 2591 438 2642 tractu
459 2578 622 2642 Astaboree
643 2599 712 2661 pare
737 2581 770 2641 in
792 2581 894 2643 linrrm
914 2583 1085 2649 Arabicum

34 2682 279 2748 effundebatur.
300 2680 434 2759 (Strabo
446 2701 472 2744 c.
488 2681 530 2760 l.)
565 2683 601 2742 ln
617 2683 686 2744 eiua
701 2683 834 2745 noniine
847 2681 1004 2758 hodierno
1021 2688 1084 2750 die·

38 2786 190 2850 [entitur.
226 2783 366 2846 Orteliut
384 2783 418 2843 in
437 2781 581 2844 thesauro
599 2781 632 2846 h.
650 2803 683 2848 v.
705 2781 788 2846 forte
804 2785 955 2848 Suochem
971 2787 1083 2856 hodie.

39 2887 118 2952 Non
142 2886 257 2971 procul
277 2887 352 2949 inde
373 2884 585 2946 Rhamnudue
601 2883 685 2966 apud
707 2883 877 2948 Stucltium
897 2889 936 2950 ad
957 2890 1086 2954 ,Arriani

38 2991 206 3075 periplum
221 3009 254 3074 p.
271 3005 305 3068 9.
332 2987 388 3070 qui
409 2999 516 3048 tamen
539 2983 604 3068 iple
621 2986 741 3047 Suchen
764 3007 835 3048 earn
854 2985 953 3052 Plinii
971 3005 1004 3062 9,
1023 3005 1084 3070 75.

39 3091 169 3178 (immo
187 3089 220 3162 6.
239 3100 296 3170 54.
316 3087 337 3154 l.
355 3085 438 3172 99.)
460 3087 519 3152 ell'e
536 3101 639 3170 putat.
692 3083 815 3151 Voll'tne
836 3089 929 3152 act-h.
947 3093 968 3154 l.
992 3093 1086 3156 valde

40 3213 98 3258 ecc
114 3210 222 3258 enare
243 3189 415 3262 existimat,
441 3191 496 3272 qui
515 3203 629 3271 putent
650 3187 709 3253 elie
726 3191 902 3262 zetaetem.
928 3193 1086 3258 eelebrent

41 3295 104 3359 ltoc
129 3309 280 3377 tempore
303 3293 387 3355 linue
409 3291 532 3355 Arabici
555 3305 702 3376 portum,
737 3289 988 3374 ipse.contendit
1009 3293 1087 3358 Mo·

14 3463 15 3472 ,
42 3417 127 3462 zucra
145 3398 278 3467 ludici,
304 3393 470 3456 cumhuic
495 3391 825 3464 loliconveniantea,
856 3415 937 3474 quae
959 3394 1087 3462 Pliniua
1119 3381 1134 3410 '⁸

15 3515 17 3582 9
43 3501 160 3562 etalii
188 3497 229 3560 de
254 3495 456 3562 Ptolemaide
482 3492 637 3564 scribunt,
673 3507 705 3557 et
731 3494 828 3558 hodie
853 3495 915 3558 elle
940 3495 1086 3564 insulana.

16 3607 19 3682 ’;
44 3600 178 3684 Nempe
200 3597 264 3664 lole
281 3597 425 3659 medium
447 3598 576 3658 leonem
596 3610 798 3681 peragrante,
824 3597 927 3660 nullae
943 3597 988 3659 ibi
1005 3599 1088 3664 fiunt

43 3703 190 3774 umbrae,
214 3701 333 3784 dequo
350 3697 463 3761 Strabo
480 3697 535 3761 lib.
553 3713 586 3762 9.
606 3696 659 3760 iub
676 3700 729 3761 fin.
754 3697 878 3764 Pliniua
894 3719 937 3761 cc.
954 3700 986 3764 ll.
1010 3700 1086 3765 Pto-

20 3829 23 3912 p
44 3804 189 3867 lemaeua
212 3803 318 3864 tabula
342 3798 462 3864 Africae
483 3807 517 3882 lp.
550 3813 583 3862 et
604 3819 683 3882 quae
704 3801 842 3881 disputat
862 3799 1026 3865 Salmalrua
1048 3802 1088 3866 ad

21 3921 24 3969 t
46 3908 153 3971 Solio.
173 3903 233 3985 59.
250 3903 272 3968 l.
291 3915 348 3985 55.
370 3903 496 3966 conlato
513 3901 566 3962 hic
589 3897 706 3964 Voffio.
748 3897 888 3964 Vollinrn
912 3915 1018 3964 tamen
1042 3904 1089 3964 vi·

47 4003 151 4072 ciffum
168 4005 286 4069 refutat
303 4005 464 4070 d'dnrille
479 4004 513 4064 in
529 4005 699 4067 menroirea
713 4000 763 4063 ior
780 4001 800 4063 l'
812 4003 934 4088 Egypte
951 4005 983 4086 p:
1003 4005 1089 4084 263.

46 4127 85 4174 ex
108 4109 271 4176 strabone
293 4107 349 4170 lib.
370 4107 423 4172 td.
441 4123 469 4169 c.
485 4105 507 4168 1.
541 4106 596 4187 qui
621 4123 723 4190 paene
740 4101 872 4166 insulam
892 4107 970 4168 dicit
992 4123 1088 4172 muro

96 4227 197 4302 Pomp.
213 4223 303 4281 Mela.
327 4223 442 4300 [neget.
458 4219 498 4283 L.
510 4219 563 4278 ΠΙ.
807 4205 833 4269 Z
