2650 4896
148 421 202 481 tta
230 419 366 480 rotat.
393 420 499 480 titt.
539 419 649 480 Lm.
691 419 824 483 atta.
865 421 944 494 §.t-
1006 433 1072 501 ttt

35 589 73 683 6)
90 596 133 658 ab
149 591 268 669 Edon.
294 594 417 680 dequo
432 589 667 679 supradictum
684 595 745 671 elit
773 591 810 680 7)
830 615 848 658 tt
865 595 962 677 suph,
985 595 1069 680 alga,

35 701 87 762 vel
110 695 225 760 iunco.
261 693 355 782 (Vid.
379 694 507 786 suppa.)
562 699 647 760 Eam
675 695 801 760 causam
824 698 944 781 probat
975 701 1071 762 Loho

36 804 183 882 (voyage
203 795 391 860 d’tbiffinie
406 798 457 860 ed.
475 802 526 876 8.)
547 798 587 860 Τ.
610 821 638 866 ι.
654 820 687 883 p.
699 811 757 877 33.
780 814 814 861 et
827 801 917 880 Sapit
937 800 978 862 ad
997 801 1071 862 het·

35 904 111 964 bam
129 898 232 962 refert
246 895 283 960 in
298 895 473 983 Aethiopia
490 896 667 982 cognitam,
688 899 772 962 forte
790 901 958 972 Goumton.
984 921 1072 986 quae
1206 901 1212 922 ’

36 999 228 1066 subnascens
245 1001 358 1084 paffim
374 997 474 1062 undio
494 1001 630 1062 rubrum
648 1003 793 1064 colorem
810 997 938 1066 efficiat.
970 1001 1072 1065 Reiu-

36 1119 80 1166 ttt
98 1119 214 1164 tamen
236 1122 314 1163 eum
329 1117 463 1186 propter
487 1101 601 1166 causae
623 1099 694 1164 eius
717 1099 885 1166 levitatem
909 1105 941 1165 le
959 1103 1072 1168 Grand

35 1205 162 1268 adal.
181 1199 301 1265 differt.
319 1201 352 1268 6.
372 1203 414 1264 Τ.
433 1226 462 1264 ι.
483 1225 515 1288 p.
533 1206 605 1280 326
621 1203 665 1288 iq.
706 1202 743 1287 θ)
761 1206 800 1266 ab
818 1206 957 1284 Erythra
974 1223 1072 1290 reget

34 1322 66 1370 et
88 1307 131 1368 iic
152 1303 304 1390 plerique
323 1319 492 1376 veterum,
517 1302 649 1368 reiectis
673 1303 745 1368 aliia
768 1309 877 1369 causta.
915 1305 966 1371 cf.
988 1310 1073 1391 Aga·

34 1403 224 1470 tharchidea
247 1427 276 1470 c.
298 1407 321 1469 Ι.
354 1425 394 1468 ex
422 1425 489 1490 quo
522 1407 638 1468 Strabo
670 1403 808 1492 repetit,
842 1403 908 1470 Dio
926 1409 987 1482 63,
1012 1417 1070 1486 28.

33 1505 191 1577 Priscian.
212 1529 244 1568 v.
259 1508 343 1572 606.
370 1503 504 1571 curtius
521 1517 556 1583 8,
577 1525 611 1588 9,
632 1517 685 1587 14.
711 1506 923 1572 Philostratus
943 1505 980 1570 in
1000 1504 1071 1572 vita

35 1603 205 1694 Apollonii
220 1623 255 1686 3,
268 1619 327 1685 5ο.
344 1623 424 1671 extr.
451 1605 605 1671 Arrianus
625 1606 661 1670 in
680 1607 804 1672 indicis
825 1631 896 1694 etp·
913 1624 971 1686 37·
1003 1605 1070 1674 Pti-

36 1708 197 1776 nitttc.l.
230 1707 364 1772 Solinut
386 1729 456 1794 cap.
473 1711 531 1786 36.
553 1709 576 1773 s.
600 1725 658 1788 33.
698 1707 853 1774 Mattian.
880 1711 1013 1794 Capella
1034 1711 1069 1776 6.
1118 1717 1123 1734 ¹

34 1835 65 1897 p.
90 1829 175 1892 2¹9·
198 1807 321 1894 aliique
343 1831 420 1873 cum
442 1810 568 1874 Nostro.
617 1809 787 1874 Rehttavit
809 1827 918 1874 tamen
941 1827 1070 1896 praeter

35 1910 114 1976 alios
130 1909 169 1972 in
189 1907 307 1996 primia
321 1911 487 1974 Relandut
501 1908 537 1974 itt
551 1907 771 1976 differtatione
785 1927 906 1975 notate.
954 1913 1070 1998 Neque

35 2011 174 2076 omnino
190 2007 313 2103 ἐρυθρά
333 2014 372 2076 ab
388 2013 527 2093 Erythra
540 2031 617 2096 rege
631 2010 698 2078 dici
712 2013 825 2098 potest,
843 2028 881 2075 ut
895 2029 984 2077 tecte
1000 2014 1069 2077 Sal·

35 2114 110 2177 mas.
134 2115 177 2176 ad
196 2110 301 2179 Solin.
324 2134 351 2177 c.
370 2129 428 2192 33.
452 2135 484 2198 p.
501 2136 545 2177 m.
562 2125 645 2193 34ι.
667 2111 771 2178 immo
794 2105 943 2204 ipddpttt
961 2114 983 2179 s.
1002 2111 1069 2204 ἐρυ-

35 2214 163 2304 θραῖος.
203 2213 255 2282 Cf.
275 2215 370 2300 [upra
387 2213 436 2278 in.
484 2217 644 2280 Ceterum
657 2215 699 2278 de
716 2213 862 2279 nominis
878 2217 980 2280 causta
998 2213 1072 2300 opi·

35 2316 153 2380 aiones
175 2313 280 2378 variat
297 2313 386 2389 illut,
417 2317 471 2378 vel
493 2337 625 2398 omnes,
658 2319 711 2381 vel
732 2320 903 2402 pleraeque
925 2337 1069 2380 comme·

34 2432 207 2480 morarum
231 2419 360 2490 Strabo,
384 2413 526 2492 Plinius,
554 2415 698 2480 maxime
713 2415 981 2504 Agatharchides.
1003 2419 1068 2480 Eu·

35 2516 168 2582 [tutius
182 2539 212 2582 c.
228 2521 250 2582 l.
274 2534 308 2582 et
322 2540 362 2582 ex
374 2515 416 2582 iia
431 2519 579 2582 Redema
595 2535 628 2582 et
642 2521 667 2582 F
668 2517 845 2584 reinthem.
862 2519 904 2582 ad
925 2518 1018 2584 cart
1033 2531 1069 2600 3,

34 2639 67 2702 9,
89 2629 147 2699 14.
184 2621 236 2682 De
256 2617 326 2706 ipio
342 2620 480 2701 Erythra
500 2618 665 2706 deinceps.

106 2821 346 2906 Erythras)
395 2822 451 2886 Gr.
468 2813 643 2912 Ἐρύθρας,
670 2844 710 2888 ex
732 2844 799 2910 quo
816 2823 961 2908 adparet,
983 2825 1073 2887 male
1171 2841 1173 2852 ’

36 2919 206 2993 annuitis.
230 2921 332 2986 hodie
354 2919 454 2986 etiam
475 2923 587 2988 vocari
602 2925 788 3008 Erythrum.
825 2924 877 2992 Cf.
895 2925 1069 2988 Salmaiiua

36 3025 76 3087 ad
92 3021 199 3089 Solin.
221 3044 250 3088 c.
267 3039 326 3102 33.
342 3045 374 3108 p.
388 3045 433 3086 m.
450 3036 533 3106 341.
574 3027 640 3089 Pro
657 3046 698 3088 eo
716 3023 910 3114 Ἐρυθραῖον
925 3021 1069 3104 βασιλέα

34 3122 118 3188 dixit
141 3121 277 3206 Dionyt
300 3148 333 3188 v.
350 3127 433 3204 607.
467 3142 501 3189 et
520 3123 600 3190 inde
619 3128 819 3211 Etytitraeus
839 3147 896 3188 rate
911 3123 1067 3190 Priscian.
1206 3114 1210 3123 “

33 3249 63 3290 τ.
80 3228 166 3292 606.
189 3243 222 3289 et
241 3223 358 3293 Avien.
374 3247 407 3289 v.
424 3230 508 3308 796.
558 3224 693 3294 Scil'met
713 3227 831 3291 eodem
854 3225 973 3300 modo,
1000 3245 1067 3311 quo

33 3324 73 3392 td
90 3321 231 3408 ἐθνικόν,
254 3329 309 3390 vel
323 3325 470 3405 totttudv,
499 3325 652 3413 [implicit
665 3325 811 3393 nominis
831 3323 960 3390 faciunt
981 3323 1069 3412 peri·

32 3429 171 3513 phrasin,
196 3425 246 3490 uti
261 3431 420 3502 Romana,
445 3431 643 3510 Syracusana
658 3433 749 3505 urhe,
770 3444 804 3493 et
819 3425 892 3492 elia.
932 3427 983 3492 ef.
1001 3429 1068 3492 sat·

33 3530 110 3596 mai.
128 3551 156 3593 c.
174 3531 197 3592 l.
236 3532 277 3595 dt
298 3530 341 3592 de
363 3527 434 3615 ipio
453 3530 519 3594 hoc
534 3533 694 3612 Erythra,
724 3531 815 3596 unde
836 3549 959 3593 nomen
983 3525 1067 3592 mari

33 3631 194 3704 adhaefit‚
220 3629 331 3694 variae
351 3629 554 3696 narrationea
573 3633 735 3702 feruntur.
785 3628 939 3719 Plerique
958 3631 1067 3715 adpel·

31 3733 100 3794 lant
119 3751 251 3816 regem,
279 3725 371 3822 ἥρωα
393 3731 587 3818 Stephanus.
641 3733 767 3800 Cliniae
789 3730 916 3806 Persei,
946 3729 1004 3819 qui
1024 3729 1066 3794 ad

31 3831 133 3896 filiam
160 3830 288 3918 Cephei
314 3831 518 3897 liberandam
547 3856 589 3899 ex
614 3833 707 3922 Argia
732 3833 769 3900 in
797 3830 1008 3919 Aethiopiam
1032 3848 1067 3896 et

31 3931 111 3997 inde
133 3935 176 3997 ad
197 3935 307 3998 Petita
328 3935 495 4019 profectae
518 3937 571 4010 fit,
602 3935 708 4000 filium
725 3933 824 4009 facit,
855 3933 910 3999 cui
924 3949 1065 3998 matrem

29 4037 272 4098 Andromedam
293 4034 385 4099 addit
401 4034 583 4100 Martianut
599 4041 732 4124 Capella
752 4035 811 4102 lib.
830 4033 862 4100 6.
883 4057 958 4120 pag.
979 4053 1062 4117 219.

29 4137 128 4220 Quod
145 4135 404 4220 Agatharchides
419 4143 470 4228 (p.
488 4144 541 4220 3.)
560 4159 602 4204 ex
620 4139 715 4205 Persa
738 4138 883 4225 quodam
903 4133 1063 4214 andierat,
