2696 4896
265 433 323 498 ano
530 413 693 476 norae
734 417 1034 478 axaoarrcar

266 597 288 659 s.
309 589 389 680 169.
413 605 446 653 et
462 609 502 652 ex
519 609 558 652 eo
572 590 716 654 Eullath.
736 591 777 652 ad
790 589 925 672 Dionys.
940 613 973 659 v.
988 601 1071 671 558.
1113 587 1205 654 Hinc
1220 606 1260 654 et
1276 611 1319 654 ex

266 695 357 768 aliis,
383 714 466 778 quae
491 692 531 753 do
555 689 626 753 cius
648 689 816 756 fertilitate
839 691 1024 776 subiungit,
1053 693 1207 776 adparet,
1236 713 1317 756 eau-

269 801 345 860 dem
361 810 454 856 antea
473 790 675 864 intellexisse,
698 795 830 878 qnando
845 790 974 857 scribit:
1010 786 1089 868 τοὺς
1111 791 1145 856 δὲ
1167 789 1230 881 ripa
1259 817 1316 859 trs-

271 895 362 988 (roias
386 893 481 960 οἰκεῖν
508 888 562 958 aui
591 889 737 982 μάλιστα
758 891 817 983 τὴν
838 887 890 962 ἐπὶ
913 893 972 978 τῆς
995 892 1203 984 προκειμένης
1223 897 1317 972 (Γα-

271 996 398 1087 δείρων)
430 993 553 1082 νησῖδος
582 993 632 1058 aa
661 991 719 1083 ripa
744 987 900 1078 εὐφυΐαν,
938 990 976 1083 ἦν
1007 990 1113 1084 ὥσπερ
1139 993 1316 1062 derivales

271 1096 468 1184 πεποιήκασι
492 1097 535 1185 τῆ
554 1091 692 1186 Διδύμη.
744 1095 887 1176 Didyma
907 1112 1036 1168 autern,
1063 1117 1162 1181 quam
1185 1119 1226 1158 ex
1249 1099 1314 1160 Ga-

272 1199 368 1264 dibus
387 1213 420 1260 et
434 1195 574 1282 Neapoli
597 1197 772 1260 conflatam
790 1214 918 1268 narrat,
945 1199 1000 1259 lita
1017 1213 1084 1259 erat
1099 1195 1135 1258 in
1157 1196 1315 1261 occiduis

191 1316 198 1326 “
272 1298 416 1366 Gadium
452 1297 576 1360 insulae
609 1298 774 1382 partibus}
817 1297 872 1363 cui
900 1315 968 1360 erat
990 1296 1121 1361 Satumi
1147 1301 1315 1382 templum

271 1401 309 1467 in
334 1417 476 1464 extrema
498 1389 590 1484 palte
614 1397 827 1484 contiguum,
861 1421 878 1462 e
900 1397 1036 1484 regione
1050 1419 1169 1483 parvae
1184 1399 1315 1462 insulae

273 1501 477 1584 (Erythiae).
519 1503 707 1566 Herodotus
722 1513 757 1580 4.
774 1511 806 1577 Β.
831 1522 934 1586 prope
958 1502 1065 1564 Gades
1086 1498 1187 1561 etiam
1215 1499 1317 1584 ponit

274 1604 310 1668 in
336 1606 467 1668 Oceano
494 1617 583 1664 extra
614 1605 783 1664 columnas
809 1598 979 1674 Herculis,
1015 1617 1111 1686 atque
1135 1603 1177 1663 sic
1211 1600 1316 1664 etiam

276 1691 483 1770 occidentem
499 1701 643 1776 indicat,
671 1725 747 1766 cum
764 1705 803 1764 ab
820 1700 947 1765 oriente
968 1700 1108 1786 incipiat
1127 1703 1315 1768 Oceanum.

277 1804 332 1872 Sic
346 1827 449 1890 prope
466 1805 571 1868 Gades
588 1804 687 1867 refert
701 1805 758 1868 Sil.
775 1807 843 1868 ltal.
860 1801 913 1876 16,
934 1817 1013 1890 195.
1050 1804 1148 1888 Quod
1165 1803 1316 1866 mediam

274 1907 362 1970 inter
383 1907 488 1971 Gades
510 1922 542 1968 et
565 1903 790 1970 continentem
812 1907 902 1967 sitam
921 1904 1014 1966 fuisse
1030 1903 1218 1988 Stephanus
1235 1905 1260 1966 s.
1283 1928 1315 1968 v.

275 2004 481 2094 ’ΔΦροδισιιῖς
506 2021 538 2069 et
559 2027 599 2068 ex
621 2009 779 2070 Strabone
801 2023 834 2068 et
852 2003 961 2070 Plinio
980 2003 1071 2067 idem
1091 2003 1230 2069 conficit
1249 2009 1315 2068 Bo·

278 2099 420 2180 chartus,
441 2127 510 2168 non
528 2104 602 2168 satis
617 2124 745 2172 rectum
760 2105 900 2171 videtur.
952 2109 1067 2169 Strabo
1082 2103 1188 2178 enim,
1222 2108 1317 2192 quod

278 2206 443 2292 superiora
460 2208 591 2278 docent,
613 2205 649 2269 in
667 2207 804 2272 occidua
815 2207 958 2272 Gadium
973 2205 1096 2270 insulae
1108 2224 1199 2292 parte
1208 2206 1316 2288 Didy-

278 2331 369 2374 ,mam
391 2307 515 2392 posuit,
541 2306 635 2371 cuius
651 2313 737 2394 quasr
755 2308 946 2372 suburbium
963 2307 1064 2370 suerit
1078 2325 1110 2370 et
1133 2305 1314 2384 ἁνιίπολις,

281 2425 314 2474 et
335 2408 370 2472 in
390 2407 540 2472 orientali
563 2407 686 2472 insulae
707 2427 816 2495 parte,
844 2431 905 2495 qua
925 2409 1073 2494 proxime
1096 2409 1213 2470 abesto
1234 2430 1314 2473 con-

279 2509 406 2574 tinente
426 2508 525 2573 unius
539 2508 631 2572 stadii
652 2509 832 2574 intervallo
883 2514 988 2596 Atque
1005 2513 1070 2574 huc
1086 2509 1198 2571 reserri
1215 2513 1316 2574 debet

277 2631 374 2697 pons,
397 2614 430 2673 b.
448 2613 480 2674 la
495 2625 610 2692 pacate
622 2613 661 2673 de
675 2614 787 2684 Sucro,
815 2609 872 2696 qui
893 2611 1030 2674 insulana
1046 2609 1190 2674 adnectit
1205 2611 1314 2674 conti·

278 2709 390 2784 nenti,
422 2727 456 2774 et
474 2707 496 2774 'a
518 2710 663 2775 Gadibus
684 2716 765 2776 urbe
787 2710 893 2776 absuit
918 2733 959 2774 12
981 2714 1026 2774 Μ.
1047 2714 1083 2774 Ρ.
1111 2712 1186 2774 teste
1211 2716 1313 2776 Anto·

214 2825 220 2834 “
277 2813 358 2878 nino
379 2811 414 2874 in
437 2810 545 2875 itiner.
566 2836 597 2896 p.
613 2837 656 2878 m.
675 2825 758 2902 4⁰9·
813 2815 912 2898 Quod
930 2812 1065 2908 quidem
1081 2810 1212 2896 egregie
1233 2836 1313 2877 con-

276 2913 373 2976 sentit
393 2935 470 2977 cum
492 2912 615 2976 insulae
637 2913 865 2998 longitudine,
892 2911 928 2975 in
943 2913 1037 2976 cuius
1053 2929 1195 2976 extrema
1215 2931 1313 2998 parte

274 3016 385 3077 versus
416 3011 624 3078 occidentem
647 3015 712 3078 suit
737 3019 815 3079 urbs
837 3013 980 3094 Didyma
1005 3037 1045 3077 ex
1068 3013 1218 3077 Gadibus·
1241 3016 1315 3098 post

276 3116 423 3182 conflata.
476 3117 589 3178 Strabo
614 3114 705 3179 eninr
733 3116 857 3179 insulae
886 3112 1129 3199 longitudinem
1153 3118 1208 3178 dat
1240 3139 1311 3182 roo

276 3214 470 3289 stadiorum,
503 3214 631 3280 Plinius
660 3237 701 3280 aa
723 3221 770 3281 M.
795 3219 831 3281 l’.
855 3218 960 3280 Gades
991 3213 1110 3286 etiarn,
1144 3219 1233 3302 quasi
1252 3221 1313 3304 τῆς

276 3319 336 3403 γῆς
359 3314 446 3405 δειραὶ
468 3333 501 3379 et
522 3315 629 3380 ταινία
652 3316 733 3392 suit,
772 3335 806 3381 et
826 3317 946 3402 exiguo
969 3314 1141 3393 intervallo
1162 3338 1178 3377 a
1202 3317 1312 3382 conti·

276 3433 375 3480 nente
390 3433 526 3490 remota,
549 3416 600 3480 uti
616 3416 743 3482 (lictum
759 3421 800 3481 ad
817 3438 850 3492 a,
866 3437 897 3500 7.
913 3415 958 3480 in.
992 3415 1121 3480 Plinius
1136 3437 1163 3481 c.
1180 3421 1201 3480 l.
1227 3419 1311 3482 dum

276 3521 315 3581 ab
332 3539 372 3582 eo
387 3521 502 3590 latere,
529 3539 596 3602 quo
609 3518 798 3604 Hispaniam
817 3523 921 3584 Gades
943 3520 1143 3602 spectarunt,
1167 3520 1310 3601 pellibus

276 3619 342 3683 sere
365 3635 497 3682 centum
535 3617 632 3702 ponit
657 3621 843 3701 Erythiam,
887 3634 997 3704 aperte
1020 3634 1191 3703 utramque
1218 3641 1308 3684 com-

275 3718 423 3792 miscuit,
459 3717 581 3805 quippe
604 3720 661 3806 qul
685 3738 718 3784 et
733 3723 837 3784 Gades
860 3723 972 3782 urbem
988 3718 1023 3780 iu
1043 3741 1080 3780 ea
1099 3719 1189 3802 prius
1213 3720 1307 3784 suilse

275 3818 394 3883 scribit.
446 3822 548 3883 (lausa
565 3819 682 3884 erroris
705 3825 786 3884 haec
810 3823 869 3882 else
889 3819 1039 3890 ridetur,
1073 3821 1162 3903 quod
1184 3809 1305 3884 utraru-

274 3942 338 4006 que
359 3918 497 3982 insulam
516 3919 612 3984 multi
635 3922 778 3985 Gadium
807 3919 942 3984 nomine
968 3917 1138 3984 communi
1162 3923 1303 4004 adpella-

272 4036 358 4082 runt.
410 4023 504 4084 Unde
528 4020 686 4097 eflicitur,
716 4023 821 4087 Gades
845 4023 901 4084 suo
921 4019 1057 4085 nomine
1073 4023 1106 4084 h.
1122 4020 1183 4082 esse
1203 4023 1301 4097 Leon,

272 4135 306 4184 et
329 4118 500 4202 Erythiam
524 4121 593 4186 sere
620 4126 839 4209 quaerendam
863 4125 941 4197 esse,
975 4120 1034 4187 ubi
1056 4123 1090 4186 b.
1117 4121 1159 4184 esl
1181 4123 1300 4190 Cadix.
