2650 4896
163 375 379 438 turono.
408 377 518 438 unt.
558 372 669 436 nnc
709 377 843 444 cvm·
885 377 965 452 lo·
1025 395 1090 458 ou

37 567 115 638 pag.
132 559 223 632 413.
265 549 372 634 Prope
386 551 527 616 Scenitas
540 550 645 641 letiam
660 552 695 614 iu
710 550 844 626 Arabia,
870 573 951 637 quoa
967 553 1088 620 Noma-

36 655 96 718 tn
112 665 213 716 vocat
227 665 261 716 et
271 653 505 718 Chaldaeorum
520 651 723 726 infestatoret.
746 655 898 737 produxit
912 656 1035 722 Pliniue
1051 659 1085 730 6.
1198 689 1202 696 ·

40 769 104 832 32.
127 752 231 834 [98.
276 755 426 816 lnclaruit
447 756 586 818 maxime
606 755 640 818 in
663 757 725 819 illia
744 754 898 829 Berolut.
922 760 978 842 qui
998 755 1085 824 xal-

38 850 165 932 δαῖκᾰς
190 852 332 944 ἱστορίας
354 853 487 939 loriplit.
522 876 598 939 quae
629 852 739 944 paffim
772 859 897 946 adlegat
920 859 1085 944 lolephur,

39 958 154 1024 veluti
172 959 294 1040 antiqu.
315 975 346 1028 t.
368 971 402 1022 9.
418 955 442 1019 f.
475 977 528 1030 to,
549 979 604 1022 tt.
620 959 666 1020 iu.
718 958 843 1031 Postea.
867 961 954 1044 quod
975 963 1084 1049 gentle

36 1073 108 1123 erat
126 1077 263 1131 nomon,
288 1056 406 1122 iactum
421 1057 467 1122 att
481 1061 556 1124 artie
568 1071 602 1124 et
618 1058 726 1133 lectae,
752 1080 832 1143 qnae
848 1061 961 1126 diserte
975 1063 1083 1128 dillin-

35 1163 113 1245 guit
131 1160 247 1224 Cicero
268 1161 311 1224 de
331 1173 395 1222 nat.
420 1161 518 1224 Deor.
538 1179 567 1234 ι.
593 1179 624 1226 t.
679 1159 806 1246 Nempe
827 1162 978 1228 Chaldaei
997 1166 1084 1250 apud

34 1261 244 1342 Babylonioe
275 1259 431 1325 locrorum
470 1262 647 1326 ministerio
684 1259 913 1350 iungebantur,
956 1267 1083 1349 qualem

36 1355 177 1454 Belesyu
201 1363 350 1446 producit
371 1365 510 1428 Diodor.
530 1365 593 1428 Sic.
612 1381 646 1435 9.
671 1375 731 1444 94.
780 1367 819 1428 ln
839 1367 953 1450 primia
972 1355 1083 1432 autent

37 1463 199 1528 allromrn
220 1463 382 1528 scientiam
405 1465 553 1529 colebant
574 1479 607 1530 et
632 1467 801 1530 divinandi
824 1469 1082 1552 vaticinandique

37 1578 143 1630 artem
167 1567 286 1648 cupide
305 1579 340 1630 et
362 1585 437 1628 cunr
462 1563 545 1630 lama
568 1566 773 1632 locuuntur.
824 1571 910 1632 Hinc
929 1569 1081 1635 Chaldaei

37 1667 126 1752 apud
143 1669 279 1732 Sueton.
294 1670 330 1730 ia
344 1668 471 1731 Vitellio
486 1689 552 1752 cap.
571 1679 630 1750 94.
655 1671 711 1753 qui
726 1670 870 1753 proxime
885 1685 975 1734 autea
990 1685 1081 1736 erant

36 1767 273 1832 mathematici.
319 1769 405 1832 Hinc
418 1769 651 1834 Chaldaeorum
664 1771 810 1834 doctrina
822 1769 1006 1855 limpliciter
1019 1791 1080 1858 pro

36 1869 238 1962 astronomia
249 1871 332 1952 apud
345 1869 428 1933 Plio.
440 1873 474 1942 6,
491 1885 549 1952 50.
559 1869 580 1936 l.
592 1874 650 1937 96.
668 1873 723 1956 qui
739 1873 924 1958 Hippareni,
944 1875 1080 1960 oppido.

35 1989 110 2034 eam
136 1972 318 2034 doctrinam
343 1973 484 2036 maxime
513 1973 647 2059 viguille
672 1975 772 2036 addit.
825 1979 867 2040 At
888 1975 924 2036 lu
949 1967 1081 2060 utraqne'

36 2073 150 2158 lingna
167 2074 315 2158 vulgatae
333 2073 377 2136 est
397 2073 449 2136 laic
467 2072 558 2146 alut.
583 2077 674 2140 cuiun
688 2077 785 2138 etiam
799 2076 834 2138 ia
850 2075 1005 2140 Hebraico
1025 2095 1080 2142 ex·

36 2173 119 2238 flant
144 2173 277 2259 vestigia
302 2175 387 2258 aptati
411 2176 580 2240 Danielem
604 2193 637 2248 9.
665 2196 695 2243 ι.
746 2177 820 2244 vid.
844 2177 966 2240 Gallina
992 2197 1022 2251 ι.
1041 2195 1079 2260 9.

43 2286 101 2356 14.
124 2297 155 2340 ι.
178 2289 212 2337 et
227 2273 350 2340 volllue
364 2276 404 2339 do
420 2275 602 2341 Idololatria
616 2293 650 2351 9.
665 2287 728 2360 47.
752 2297 836 2362 quoe
847 2279 921 2344 ideo
936 2279 1080 2344 hoderit

37 2375 228 2463 Welseling.
243 2378 283 2440 ad
297 2377 433 2442 Diodor.
447 2393 485 2452 9.
498 2395 557 2460 99.

122 2581 172 2642 Τί
177 2581 243 2662 gri
249 2603 266 2644 a
271 2579 290 2664 )
322 2581 375 2646 Sic
389 2581 500 2646 Graeci
513 2596 546 2647 et
563 2582 679 2654 Latini.
696 2583 895 2668 quiquidem
911 2584 945 2648 in
959 2581 1080 2650 malcu-

37 2681 111 2746 lino
126 2680 348 2755 consentiunt,
373 2701 440 2745 ιιοιι
457 2687 534 2748 item
551 2686 585 2746 in
603 2684 769 2768 scripturae
786 2683 890 2750 forma
904 2701 937 2750 el
956 2689 990 2750 ln
1008 2685 1080 2750 cali·

38 2783 107 2847 bue
119 2783 278 2865 obliquiu,
304 2783 359 2848 etfi
377 2785 491 2848 Suitloe
506 2785 539 2848 h.
557 2807 590 2850 v.
610 2788 772 2849 adfirmat:
803 2783 914 2876 Τίγρις
927 2784 969 2852 τί
984 2783 1079 2876 ζῶον.

38 2883 164 2974 Τίγριγς
178 2879 220 2948 τό
240 2875 344 2975 ὄνομα
364 2883 540 2976 ποταμοῦ.
563 2884 634 2950 luae
651 2885 734 2950 forte
748 2889 859 2952 netatia
876 2887 1080 2952 consuetudi·

38 3007 124 3050 nent
144 2983 300 3069 [ροιῑιιιι.
329 3006 409 3070 quat
436 3001 542 3051 tamen
568 2987 602 3050 in
629 3007 673 3051 eo
693 2988 749 3050 fibi
770 2989 907 3052 minime
930 2988 1079 3054 constitit.

39 3085 164 3176 Τίγριγς
183 3087 304 3152 habeut
323 3109 364 3152 ex
384 3088 453 3152 aliie
466 3089 579 3152 Strabo
595 3103 628 3152 9.
642 3109 676 3171 p.
692 3099 752 3174 54.
768 3087 791 3154 l.
809 3103 870 3170 79.
894 3090 951 3172 qui
972 3102 1081 3154 umen

41 3183 337 3279 lnbiicit'l't'pptlot,
351 3189 439 3272 quod
448 3202 481 3254 et
492 3189 567 3252 alibi
582 3191 707 3276 legitur,
723 3207 767 3256 ea
777 3189 977 3254 librariorum
991 3189 1081 3254 alter·

41 3303 155 3354 utrum
169 3291 270 3363 vitio,
292 3311 367 3354 curn
381 3305 416 3354 et
430 3291 573 3374 epitome
587 3291 660 3353 libri
681 3313 735 3357 ιι.
748 3311 783 3376 p.
798 3303 878 3370 ¹6⁰·
894 3288 1023 3371 (trudi)
1047 3303 1083 3356 et

42 3391 111 3478 ipse
126 3391 244 3456 Strabo
254 3392 421 3475 aliquoties
433 3387 546 3482 Τίγρις
559 3390 690 3467 scribat,
714 3413 748 3456 v.
761 3411 790 3458 9.
810 3391 868 3456 lib.
880 3411 896 3458 t
906 3409 936 3457 1.
950 3412 983 3476 p.
995 3393 1081 3473 364.

44 3493 68 3557 l.
87 3507 172 3573 599.
197 3506 236 3556 nt
248 3495 311 3556 hoc
325 3495 359 3556 iu
374 3493 435 3556 illo
446 3494 522 3558 loco
535 3493 778 3577 praeferendum
791 3494 959 3566 videatur,
979 3492 1035 3556 etli
1049 3505 1083 3556 et

44 3591 167 3684 Τίγρης
187 3594 277 3658 dedit
299 3591 509 3660 stebenkeeo.
552 3594 674 3684 Τίγρης
692 3595 736 3660 est
754 3596 838 3678 apud
854 3594 1025 3658 Attianum
1041 3595 1082 3657 de

47 3695 162 3780 expedt
176 3695 270 3762 Alex.
289 3709 323 3776 7,
341 3712 375 3781 7.
395 3709 429 3760 et
444 3697 483 3758 in
494 3697 612 3760 iudicia
627 3717 694 3781 cap.
711 3707 771 3778 42.
797 3696 958 3758 Herodot.
971 3707 1003 3772 5.
1021 3705 1081 3774 59.

47 3797 84 3870 6.
104 3813 164 3864 no.
193 3797 306 3871 ctliio
328 3797 427 3880 priori
453 3799 525 3863 loco
550 3796 656 3864 Cotld.
678 3798 774 3862 etiam
798 3795 936 3858 scribunt
960 3790 1085 3884 Τίγρις,

47 3896 201 3983 Iolepltnr
214 3898 254 3968 de
269 3901 389 3982 antiqu.
405 3899 476 3963 lud.
499 3920 529 3972 t,
555 3919 586 3965 r.
601 3898 622 3964 l.
640 3915 679 3972 9.Ι
691 3913 725 3979 3.
753 3897 811 3959 ubi
824 3897 921 3962 etiam
934 3897 1084 3970 variatur,

50 3999 203 4085 Stephon.
227 3995 251 4064 l.
268 4011 306 4066 r:
324 3995 496 4090 'oropum
538 4001 610 4064 Viti.
636 4001 677 4064 tle
703 4012 834 4082 utrque
858 3999 1086 4065 terminatione

50 4101 234 4189 Wellellng.
252 4103 292 4166 td
305 4102 443 4168 Diodor.
456 4117 489 4178 9.
509 4121 567 4171 ιι.
598 4103 680 4168 lude
696 4119 774 4168 vero
788 4095 951 4195 Τίγριγτις
964 4101 1085 4166 tutan.
