2650 4896
116 383 171 439 ru
197 381 334 440 roua.
362 381 469 440 uer.
510 383 623 440 carr.
665 383 784 444 cvra.
825 371 956 460 tat·
1007 397 1068 462 253

41 557 131 620 Indua
154 554 291 627 medici.
324 555 367 619 de
391 555 506 640 quibua
533 556 647 624 Strabo
667 576 695 620 c.
718 557 740 620 i.
764 569 798 620 et
822 557 942 622 Arrian.
964 559 1067 624 indic.

38 677 99 742 cap.
127 667 181 734 ¹5·

40 863 43 866 ’
106 859 481 942 ingerendu-)
530 861 662 924 adludit
697 862 735 924 ari
763 861 923 924 historiam
956 861 1070 926 Casani

40 961 239 1025 brachmania
260 964 346 1046 apud
370 963 492 1026 Arrian.
517 963 558 1025 rle
580 965 691 1046 expeti.
709 965 796 1026 Alex.
815 979 846 1038 7.
866 977 898 1044 3.
942 983 966 1028 r.
988 983 1070 1027 cao·

40 1081 158 1126 auvrre
177 1063 255 1126 MS.
308 1061 358 1127 Cs.
382 1064 478 1126 Diod.
493 1066 556 1128 Sic.
577 1079 634 1139 17.
656 1079 736 1137 107.
760 1065 872 1128 Strabo
896 1077 950 1143 15.
967 1067 1011 1128 in.
1035 1079 1069 1128 et

36 1174 166 1247 p.493.
185 1163 207 1226 s.
224 1179 309 1240 717.
344 1165 504 1227 Plutarch.
527 1167 561 1227 in
583 1163 671 1232 Alex.
696 1165 744 1228 M.
767 1186 833 1248 cap.
851 1169 910 1246 69.
947 1167 1068 1232 belian.

36 1267 71 1328 v.
87 1267 131 1327 H.
147 1277 181 1342 5,
201 1267 234 1329 6.
268 1264 335 1330 Cic.
354 1267 394 1326 de
407 1267 508 1328 divin.
532 1287 561 1339 r.
584 1279 642 1345 23.
664 1269 785 1350 prolixe
809 1268 906 1331 Valet.
930 1267 1014 1330 Maur.
1039 1289 1068 1340 a.

38 1375 67 1441 8.
82 1379 148 1482 οἳοῖ.
169 1385 227 1430 10.
243 1379 276 1430 et
294 1380 326 1447 5.
346 1381 377 1447 3.
393 1381 456 1430 exi.
476 1369 509 1431 6.
563 1369 688 1439 Alium.
712 1370 744 1428 in
767 1370 859 1430 cultra
881 1381 987 1430 lamera
1011 1389 1069 1432 uo·

35 1471 120 1530 mine
136 1469 293 1539 variatur.
318 1471 584 1530 commemorarit
607 1489 681 1533 cum
701 1470 769 1531 aliie
784 1469 896 1532 Strabo
917 1482 971 1546 15.
996 1490 1068 1556 pag.

37 1580 119 1648 495.
142 1567 163 1631 s.
189 1584 273 1644 720.
306 1589 512 1651 quamquam.
545 1571 675 1635 cumin
701 1569 864 1632 Graeciam
900 1569 1067 1654 migrasset.

37 1669 168 1734 attente
182 1671 215 1732 id
231 1669 315 1734 secit.
342 1670 455 1753 Neque
473 1685 589 1741 tamen.
607 1671 761 1734 Calenum
777 1674 810 1732 in
828 1673 938 1754 primia
950 1673 1068 1734 Melana

37 1769 196 1852 respicere.
227 1773 370 1834 admittit
392 1774 514 1836 notatio
537 1774 680 1834 eiusdem
702 1773 742 1835 rie
765 1785 870 1834 morte
890 1773 1068 1836 uoluntaria

37 1873 116 1954 apud
139 1873 238 1935 indua
265 1871 447 1936 sententiae.
490 1875 563 1938 Vid.
589 1893 669 1955 quoe
697 1872 802 1933 laudat
824 1872 1005 1958 Wesseling.
1027 1877 1066 1936 ad

37 1972 169 2036 Illudor.
187 1975 248 2037 Sic.
264 1976 328 2038 c.l.
380 1975 504 2046 Hodie,
530 1987 567 2036 ut
587 1977 728 2036 adfirrrrat
745 1973 893 2036 Niebuhr
907 1976 940 2034 in
963 1975 1068 2056 licise·

35 2073 150 2136 beschr.
175 2076 257 2136 nach
272 2075 405 2138 Arabien
423 2097 493 2159 pag.
512 2090 571 2153 50.
598 2089 779 2137 cremantur
800 2074 934 2144 nobilee.
960 2077 1011 2137 alii
1033 2078 1068 2138 in

38 2175 179 2260 Gangem
199 2189 342 2242 mortuae
364 2179 498 2249 iaciunt.
525 2177 578 2240 rel
595 2177 775 2240 vulturibus
796 2177 997 2241 ‹leroraudoe
1017 2197 1069 2242 ex·

35 2291 168 2361 ponunt.

183 2482 214 2559 ς.
241 2489 277 2562 4.
328 2471 469 2572 Nysa)
519 2483 570 2544 De
589 2477 737 2564 scriptura
753 2481 784 2542 in
804 2481 891 2543 litera
907 2472 1069 2573 salictum

39 2580 77 2642 etl
91 2583 124 2642 in
139 2585 294 2645 nocent.
312 2603 342 2663 p.
362 2597 447 2663 229.
495 2583 575 2645 Inde
593 2583 720 2642 ducitur
736 2574 893 2672 Nysaeus.
917 2597 954 2643 ut
968 2576 1068 2670 ’χώρα

39 2677 178 2746 Nucula.
215 2684 284 2746 Alia
304 2682 562 2764 datStepbanur.
599 2681 710 2783 gluten
732 2682 832 2764 Nysae
853 2681 990 2747 recenset
1006 2683 1068 2744 Eu·
1162 2739 1165 2752 ‚

39 2782 163 2846 slathiue
177 2785 216 2845 ad
233 2783 365 2863 Dionys.
384 2805 414 2846 v.
438 2797 542 2866 1153.
565 2797 597 2846 et
612 2798 704 2846 auctu
727 2803 861 2846 numero
878 2783 1067 2866 Stephanus.

39 2885 188 2950 Cellariue
204 2883 264 2946 suia
279 2886 367 2947 lucia.
402 2885 449 2946 Ex
468 2889 515 2957 iia.
532 2887 658 2968 quaein
674 2886 837 2967 primiead
854 2885 968 2946 Bacchi
986 2899 1067 2946 nata·

38 2985 81 3046 ler
96 3001 128 3048 et
142 3005 193 3048 rer
207 2985 304 3070 gessae
317 2981 506 3056 reseruntur.
530 2999 660 3049 notatur
681 2983 764 3064 Nysa
785 2989 871 3047 iuxta
886 2987 1067 3070 Aegyptum

38 3088 119 3150 rnie
139 3087 314 3172 designata.
341 3099 376 3148 ut
396 3083 517 3172 σχεδόν
537 3082 715 3172 Αἰγύπτοιο
736 3081 857 3174 ῥοάων.
882 3089 1067 3166 (Diodorur

43 3207 70 3256 ι,
92 3201 146 3266 15.
172 3209 211 3250 ex
232 3203 342 3270 poeta.
372 3187 479 3254 Schol.
503 3189 650 3272 Apellen.
666 3189 706 3250 acl
728 3202 760 3257 a.
787 3197 891 3264 rara.
910 3207 948 3248 ex
967 3187 1065 3248 Hero·

38 3289 134 3366 doro)
162 3286 236 3351 κατ’
253 3283 430 3372 Αἴγυπτον,
454 3289 604 3373 (Diudor.
621 3303 653 3368 3.
677 3309 688 3350 a
697 3283 748 3370 9.)
772 3275 904 3376 μεταξύ
920 3281 1068 3372 Φοινίκης
1182 3310 1184 3316 ’

38 3381 89 3452 ani
118 3386 261 3463 Νείλου,
290 3390 397 3468 (idern
420 3401 454 3470 4.
479 3395 534 3468 a.)
569 3379 648 3477 ὑπὲρ
681 3387 857 3462 Αἰθιοπίας.
896 3387 1067 3471 (Aristidee

37 3492 74 3553 T.
95 3511 124 3554 r.
144 3511 178 3574 p.
195 3505 254 3572 29.
270 3493 321 3554 ed.
339 3489 452 3574 labb.)
504 3493 546 3553 At
565 3493 620 3574 ipsi
636 3489 949 3572 Aethiopiaetribuit
967 3489 1065 3552 Hero·

38 3593 187 3662 toturn.
214 3593 295 3672 ι46.
320 3604 353 3652 et
375 3591 504 3654 Arabiae
531 3593 693 3654 Diodorus
715 3613 743 3662 r.
772 3603 825 3669 15.
863 3604 895 3670 3.
921 3593 979 3667 63.
1006 3590 1064 3668 64.

38 3695 125 3774 quia.
157 3705 195 3754 ut
215 3692 369 3756 exislimat
383 3692 527 3776 Cuperue
547 3695 579 3754 iu
602 3691 771 3755 observatt.
785 3701 821 3770 4.
841 3707 872 3766 7.
892 3713 963 3776 pag.
978 3701 1066 3770 417.

39 3793 116 3877 Lips.
138 3793 286 3856 Arabiam
302 3795 409 3856 vocari
430 3794 555 3859 Indiam
572 3794 624 3857 vel
641 3791 813 3864 nescirent.
840 3793 892 3854 vel
910 3793 950 3855 de
975 3793 1066 3854 india

38 3915 108 3957 rera
142 3896 368 3979 intelligerent.
436 3894 584 3977 Plerique
610 3909 730 3958 norunt
754 3907 787 3955 et
813 3909 1066 3957 commemorant

38 3997 142 4058 indiae
165 3995 300 4074 Nysam,
333 4015 427 4078 qnam
447 3997 530 4059 inter
552 3996 706 4078 Cophena
729 4007 760 4056 et
782 3997 898 4056 ludum
914 3993 948 4059 sl.
972 3997 1066 4078 pouit

39 4099 152 4162 Anien.
175 4097 217 4160 de
240 4097 353 4182 eaped.
377 4099 468 4162 Alex.
497 4096 569 4163 Lib.
592 4109 626 4177 5.
650 4099 695 4164 iu.
723 4093 778 4158 sub
799 4096 959 4163 radicibua
981 4097 1065 4160 Meri
