2746 4894
165 377 218 439 ru
246 377 386 438 rouo.
415 377 523 456 1111.
564 377 674 436 1..111.
717 375 853 438 91111.
894 376 974 453 lo·
1036 375 1099 458 561

45 553 199 632 multum
222 553 354 617 recedit.
401 549 453 618 Cs.
477 553 573 616 etiam
594 570 676 634 quae
697 551 837 634 disputat
854 552 1039 617 Harrluinue
1061 551 1103 616 arl

44 657 140 720 Plio.
157 657 193 726 6.
211 667 270 735 34.
286 655 307 718 s.
321 671 379 736 99.
415 656 514 740 Quod
527 651 650 718 uolnus
666 673 721 717 eoa
736 673 775 718 ex
791 667 1005 718 monumento
1016 655 1103 718 Adu-

45 759 156 822 litano
173 761 414 830 meritonam,
436 754 553 819 refutat
573 756 673 820 Seuin
686 775 715 818 e.
731 756 753 822 l.
775 758 923 842 graviter.
974 755 1103 840 Nempe

45 860 128 925 MS.
154 861 327 923 Vaticanus
353 873 386 923 et
413 859 616 922 Florentium
645 858 758 943 legunt
788 859 1000 942 Ταγκαΐτας,
1035 878 1104 922 nou

47 961 273 1046 Παγχαῒτας.
296 975 333 1024 ut
349 957 471 1026 Voffiue
485 963 568 1024 male
582 955 662 1045 legit
677 961 710 1020 ln
727 959 810 1024 Cod.
823 961 965 1024 Florem.
1001 957 1054 1026 Cl.
1071 971 1106 1024 et
1193 999 1195 1005 ι

47 1065 182 1126 Wellel.
200 1063 239 1126 ed
257 1063 394 1127 Diodor.
411 1075 446 1142 5.
463 1074 524 1147 42.
562 1065 648 1126 Tum
664 1061 831 1124 Tancaitee
846 1061 948 1124 vicini
963 1081 1106 1126 comme·

49 1179 224 1235 morantur
239 1166 284 1228 ibi
300 1165 463 1250 Aegypto,
496 1185 569 1228 cum
586 1163 787 1226 Euhemero·
803 1163 986 1228 Panchaeos
1003 1175 1107 1250 ponat

52 1270 89 1334 iu
109 1267 242 1330 Oceano
267 1267 407 1331 Australi.
460 1267 560 1352 Quod
577 1265 684 1328 Latini
707 1279 821 1349 poetae
837 1281 1105 1340 commemorant,

52 1367 185 1433 delusor
216 1383 307 1452 putat
329 1369 504 1434 Euhemeri
528 1369 707 1431 narratione
733 1381 766 1430 et
790 1369 891 1430 Ennii
919 1369 1105 1452 interprete·

53 1474 170 1560 tionet
203 1465 347 1535 Voffinm
371 1467 656 1534 connominari
679 1472 866 1540 nominare,
892 1481 925 1533 et
945 1471 978 1530 ln
995 1471 1105 1536 Plinio

54 1551 315 1660 esseCandaeoe3
340 1573 526 1636 Euhemero
538 1569 597 1634 elle
610 1589 738 1656 egenos,
755 1572 1053 1654 Meleeopulentoa‚
1070 1574 1107 1634 in

55 1696 125 1758 quo
149 1673 280 1740 fallitur.
320 1675 403 1737 Mari
426 1671 616 1736 submersam
632 1671 692 1734 elle
713 1693 783 1736 earu
804 1673 980 1736 Euhemeri
1002 1674 1108 1760 regio·
1213 1749 1216 1756 Ι

54 1799 156 1848 nem.
183 1791 217 1840 et
232 1777 329 1840 hodie
344 1797 437 1859 rupee
452 1777 522 1840 eine
537 1789 570 1839 et
589 1773 731 1860 seopuloe
745 1775 849 1837 adhuc
866 1773 1023 1872 conspici,
1050 1795 1108 1862 pu·
1188 1775 1194 1788 '

54 1893 103 1944 tat
122 1873 289 1964 Grandpre'
305 1879 340 1943 in
357 1898 479 1964 voyage
493 1880 571 1941 dane
591 1877 696 1940 l¹lmle
712 1878 755 1944 T.
771 1867 803 1944 9.
820 1898 853 1962 p.
873 1879 960 1956 965.
987 1955 992 1962 ,

139 2080 477 2166 Ophiophagos)
530 2082 656 2148 Plinius
679 2077 713 2154 6,
736 2091 796 2162 34.
821 2080 844 2146 s.
868 2097 928 2162 29.
957 2081 1045 2146 idem
1066 2081 1109 2147 de

57 2186 221 2250 Candaeie
239 2187 271 2250 in
289 2187 352 2248 hoc
371 2199 488 2248 tractu:
521 2205 602 2267 quos
627 2181 859 2266 Ophiophagos
885 2197 1022 2257 vocant,
1042 2175 1111 2277 seu

57 2285 214 2370 pentibus
229 2278 315 2379 veser·
329 2277 464 2380 adsueti.
498 2285 676 2352 Confirmat
692 2286 733 2348 de
746 2285 959 2370 Troglodytir
975 2287 1110 2352 Aethio·

57 2391 159 2474 pibus
176 2389 331 2452 Herodot.
347 2399 382 2469 4.
406 2401 486 2470 183.
512 2369 746 2472 Ophiophagos
761 2390 953 2451 recentiores
969 2408 1112 2453 comme·

58 2505 172 2556 morat
194 2489 311 2553 lluffon
330 2492 468 2575 Allgem.
489 2490 608 2553 Natur·
620 2486 733 2554 Gesch.
748 2491 789 2553 T.
808 2491 841 2554 6.
862 2509 896 2573 p.
914 2504 999 2566 311.
1034 2491 1109 2556 vid.

60 2596 162 2658 etlam
185 2591 266 2656 Oios
283 2592 383 2656 Akrel
402 2589 479 2655 sires
497 2612 552 2655 om
568 2591 710 2663 Maroco.
731 2590 924 2658 Stockholm
945 2579 1056 2688 1796.
1075 2605 1111 2672 8.

59 2697 153 2778 epist.
174 2709 207 2772 3.
234 2671 296 2777 qui·
309 2691 406 2757 refert
424 2694 644 2780 ophiophagos
661 2693 732 2758 illoe
752 2707 844 2760 antea
866 2693 988 2780 aliquot
1010 2695 1112 2760 meni·

60 2799 159 2884 polee
179 2797 360 2860 culmorum
379 2797 547 2882 deglutire.

142 2997 402 3084 Pygmaei)
452 2998 508 3064 Gr.
531 2993 713 3086 Πυγμαῖοι.
747 2999 832 3062 Hiuo
848 2999 1012 3084 Pygmaea
1034 3025 1113 3086 gens

64 3103 152 3168 Plio.
177 3125 231 3172 ro.
250 3118 309 3180 3o.
327 3102 347 3166 s.
365 3115 425 3182 23.
456 3115 564 3183 gentes
588 3103 728 3164 Laetam.
750 3101 789 3162 rle
810 3099 974 3167 Phoenice
997 3126 1032 3178 v.¹
1048 3117 1109 3184 81.

66 3207 187 3290 Magna
202 3206 242 3267 de
258 3207 297 3268 iia
314 3218 347 3268 et
363 3205 528 3288 multiplex
543 3205 729 3286 disputatio.
757 3203 961 3267 'Derivauta
983 3203 1111 3294 πυγμὴ,

66 3301 221 3396 suffitio,
244 3301 370 3390 πυγῶν.
387 3341 439 3356 --
471 3305 544 3367 Vid.
562 3323 641 3386 qrrae
656 3305 970 3386 adtulitApolloniuo
983 3309 1018 3368 in
1032 3309 1111 3376 Lea.

67 3411 206 3473 Homer.
230 3429 263 3492 p.
281 3409 366 3488 699.
384 3403 611 3492 (ed.Villois.)
637 3405 753 3469 Banier
767 3405 968 3472 Gotterlehre
989 3409 1061 3473 Vol.
1075 3423 1112 3488 5.

35 3520 41 3533 ’
67 3533 102 3595 p.
121 3526 208 3592 599.
231 3525 265 3573 et
281 3511 368 3572 idem
383 3511 424 3572 de
440 3510 480 3571 iia
495 3511 529 3571 in
546 3508 720 3572 Memoirea
740 3509 779 3570 tle
798 3509 981 3573 s’aeademie
997 3545 1050 3562 -·
1073 3513 1114 3576 de

68 3615 160 3678 Pario
178 3613 246 3674 Vol
263 3625 296 3690 5.
318 3632 348 3693 p.
371 3633 434 3674 ror
456 3608 520 3692 sqq.
546 3612 599 3692 qui
620 3611 792 3681 Pechinoi.
818 3629 932 3693 parvoe
953 3611 1114 3688 hominee,

68 3713 161 3778 soille
176 3728 277 3796 putat.
303 3715 411 3796 qualer
429 3712 577 3775 describit
594 3711 779 3776 Herodotue
797 3727 831 3784 9.
849 3728 908 3792 59.
930 3727 964 3776 et
978 3714 1115 3780 Nonno·

68 3816 139 3888 sur,
167 3817 223 3898 qui
238 3816 278 3876 atl
297 3835 371 3878 eum
387 3816 551 3888 laudatur,
579 3815 611 3876 in
626 3811 698 3878 hill.
712 3813 910 3900 legationum
925 3817 1010 3899 apud
1027 3818 1116 3883 Pho·

67 3923 153 3982 tium
176 3918 247 3983 eod.
265 3931 297 3993 3.
314 3938 384 4002 pag.
400 3929 434 3996 8.
484 3917 582 3981 Sedes
601 3916 729 3978 illomm
747 3919 851 3981 variae
871 3917 910 3980 ab
927 3920 1113 3986 auctoribue

68 4021 229 4086 seruntur.
266 4019 303 4080 lu
322 4020 437 4083 eodem
453 4031 565 4090 tractu,
590 4019 629 4080 ad
646 4015 715 4080 Nili
729 4016 845 4092 soutee,
863 4020 919 4086 vel
938 4023 972 4083 in
985 4021 1119 4088 Aethio·

68 4127 134 4212 pia,
150 4137 278 4207 ponunt
289 4119 557 4186 aristoteleeflio.
573 4121 716 4196 anima.
730 4137 786 4186 19.
809 4121 940 4198 Plin.6.
951 4135 1010 4210 55.
1021 4121 1043 4190 s.
1056 4140 1117 4208 5⁰·
