2696 4896
270 425 330 472 too
534 405 698 466 nom
740 407 1046 469 Exaettrrcttt

273 601 306 652 et
320 595 485 653 coercent,
516 599 558 643 ne
579 581 704 656 dituut,
718 595 750 644 et
772 585 909 664 expandi
927 577 1033 666 poffit.
1087 583 1196 646 Litora
1217 585 1332 664 igitur

274 690 327 751 dat
343 687 407 750 orie
423 685 598 752 maritimis,
620 687 702 767 ripas
718 682 838 756 iusuiia,
861 705 993 766 quarum
1011 703 1196 768 praeruptae
1214 685 1332 750 soient

275 789 335 854 esse
362 807 452 857 orae,
489 799 522 849 et
552 787 688 870 explicat
713 785 906 860 distinctior,
941 791 1028 870 quod
1054 801 1146 856 antea
1177 792 1330 856 omnino

272 891 477 954 indicaverat.

352 1039 698 1123 curvamque)
749 1039 878 1104 Cluver.
900 1043 1072 1126 pag.65o.
1099 1041 1138 1104 sic
1161 1044 1327 1125 explicet:

275 1139 451 1208 Veriffime.
505 1141 587 1204 Nam
607 1143 766 1224 primum,
794 1142 850 1203 ubi
869 1157 1020 1204 terrarum
1040 1148 1203 1228 gremium
1224 1147 1328 1206 intrat

274 1247 308 1308 in
344 1247 528 1328 proximum
566 1243 753 1328 Norwegiae
788 1247 1065 1325 promontorium,
1103 1251 1188 1328 quod
1220 1248 1327 1330 vuigo

274 1346 451 1410 Liudesues
473 1345 662 1427 adpellatur,
692 1359 725 1406 et
747 1343 909 1406 obiectum
931 1349 960 1408 ei
985 1349 1103 1408 Daniae
1125 1363 1327 1429 promouto·

273 1451 357 1511 rium
384 1445 556 1516 Hauwitir,
593 1445 700 1508 versut
734 1449 890 1508 orientem
925 1449 1114 1534 porrigitur,
1151 1449 1326 1531 postquam

274 1549 482 1616 Cimbrorum
503 1549 760 1630 promontorium
782 1546 948 1630 superauit,
975 1551 1062 1630 quod
1080 1571 1165 1611 uuuc
1181 1567 1328 1614 vocatur

273 1653 389 1715 incolit
413 1650 528 1732 Singa,
561 1651 594 1710 in
616 1650 784 1710 meridiem
808 1651 845 1710 ad
874 1649 1192 1736 Meclrieburgeusem
1220 1658 1326 1715 liuca-

275 1769 344 1817 tum
365 1751 394 1816 se
411 1751 575 1823 extendit;
609 1751 683 1812 iude
702 1753 735 1812 in
756 1765 862 1813 ortum
880 1755 982 1836 vergit
1003 1757 1326 1834 aequinoctionaiem

274 1857 311 1918 ad
336 1849 487 1916 Prussram
511 1871 609 1932 oeque
634 1887 686 1898 -
737 1853 798 1912 Sed
823 1868 855 1913 et
879 1855 939 1913 hoc
956 1867 987 1916 et
1007 1855 1123 1936 reliqua
1143 1856 1229 1917 utera
1255 1877 1325 1919 nort

273 1957 398 2040 adtigit,
421 1954 526 2036 quiin
543 1955 643 2036 prima
657 1967 744 2036 parte
762 1956 855 2016 marie
871 1954 964 2018 huiue
978 1969 1010 2017 et
1025 1959 1148 2018 Suecici
1165 1959 1325 2020 cousrsiit.

273 2060 424 2121 Attamen
443 2076 482 2116 ue
498 2055 548 2114 iiia
565 2057 695 2137 quidem
711 2055 774 2117 huc
789 2058 963 2138 pertinere,
996 2077 1133 2140 eumque
1156 2063 1324 2122 terminus

272 2157 393 2220 aMela
413 2157 531 2238 positos
553 2157 703 2217 excedere
726 2170 816 2238 puto,
841 2159 907 2238 qui,
942 2160 1018 2219 dum
1044 2163 1081 2220 ad
1109 2159 1323 2242 supercilium

273 2260 427 2344 procedit,
450 2255 531 2318 insra
549 2259 615 2320 illae
633 2273 815 2320 curvaturae
835 2260 997 2346 iutelligit,
1022 2282 1100 2341 quae
1117 2279 1149 2326 et
1165 2262 1210 2323 ibi
1236 2261 1321 2328 sunt.

344 2399 606 2502 supercilio)
670 2408 860 2472 Graecorum
895 2430 985 2472 more
1016 2423 1048 2473 et
1080 2410 1152 2484 usu,
1193 2415 1322 2494 quibua

276 2503 386 2596 ὄφρὐς
409 2512 522 2570 dicitur
546 2515 585 2571 de
608 2511 782 2574 verticibus
799 2526 830 2571 et
848 2514 1058 2580 cultuiuibue,
1089 2517 1174 2594 quod
1192 2516 1321 2578 deinde

274 2613 391 2674 imitati
408 2610 477 2672 suut
494 2612 598 2672 Larini
613 2626 645 2673 et
660 2611 699 2672 ab
714 2615 884 2674 Ammiano
901 2615 1037 2675 maxime
1053 2617 1084 2674 iu
1101 2616 1209 2676 fluviie
1227 2616 1322 2676 usur-

273 2733 377 2799 patur.
414 2713 466 2774 Sic
482 2713 593 2775 Strabo
614 2731 669 2776 te.
684 2735 717 2796 p.
733 2715 816 2793 369.
834 2714 854 2778 s.
872 2717 954 2794 536.
977 2711 1081 2797 ὀφρῦς
1103 2707 1239 2804 ὑψηλοῖς
1258 2711 1320 2783 καὶ

274 2811 392 2904 ὀρθίας
415 2819 454 2875 de
477 2815 561 2895 lacu,
593 2817 648 2896 qui
672 2814 782 2876 sensim
808 2815 971 2886 decrescit,
1004 2818 1051 2878 uti
1075 2818 1143 2900 post
1164 2820 1321 2900 explicat.

274 2919 327 2980 Sic
353 2912 462 3002 ὀφρῦς
488 2908 586 3002 ὅρους
619 2930 708 2978 notat
735 2917 876 2978 Eusiatir.
910 2920 947 2978 ad
977 2919 1107 2980 Homer.
1137 2921 1172 2982 li.
1195 2940 1224 2990 t,
1249 2932 1320 3004 44.

273 3039 306 3102 p.
323 3038 366 3079 m.
382 3034 442 3096 29.
476 3018 530 3078 ubi
555 3017 668 3079 srmiiee
691 3020 890 3100 metaphorae
909 3020 948 3080 ab
966 3020 1138 3081 homiuum
1158 3025 1323 3086 memorie

273 3121 388 3204 peritae
408 3115 556 3181 recenset.
598 3115 648 3182 Os.
668 3121 770 3181 Suarti
788 3121 924 3183 analecta
939 3121 993 3182 tib.
1014 3139 1044 3182 e.
1065 3141 1131 3205 cap.
1148 3134 1180 3200 8.
1197 3145 1230 3206 p.
1252 3134 1320 3202 88.

275 3223 362 3286 Hiuc
396 3215 529 3308 ὀφρύης
559 3215 717 3309 Κόρινθος
749 3221 862 3284 Strabo
894 3234 928 3300 8.
968 3241 1039 3307 pag.
1064 3227 1148 3302 263.
1174 3222 1195 3284 s.
1226 3237 1321 3303 382.

273 3316 470 3408 Λευκόφρυς
502 3325 542 3384 de
576 3324 729 3393 Tenedo,
773 3325 813 3386 de
847 3342 910 3405 quo
945 3325 983 3384 ad
1011 3339 1044 3392 Ω.
1078 3339 1109 3399 7,
1137 3337 1170 3404 4.
1207 3320 1323 3413 ὀφρῦς

276 3419 440 3506 αἰγιαλοῖο
463 3423 611 3506 Apollon.
632 3425 742 3486 Rhod.
766 3431 897 3501 ι,ἰ78.
932 3426 1018 3507 quod
1038 3427 1137 3489 Vaser.
1160 3427 1261 3490 Flacc.
1286 3451 1320 3502 r,

278 3528 363 3604 365.
386 3525 509 3585 reddit:
541 3526 631 3586 molle
649 3528 726 3586 litus
749 3526 770 3588 i.
796 3545 825 3589 e.
853 3527 982 3597 ieviter,
1014 3529 1152 3589 molliter
1174 3528 1318 3596 declive.

277 3627 364 3689 Hinc
390 3624 529 3687 Orientis
554 3626 640 3687 liures
664 3626 709 3686 ad
733 3647 830 3710 usque
843 3619 1017 3719 supercilia
1042 3631 1214 3709 porrigitur
1238 3632 1321 3694 Nili

277 3726 437 3790 Ammiani.
459 3739 513 3806 14.
530 3740 563 3806 8.
586 3743 619 3790 et
638 3728 759 3789 Hirtiur
780 3729 819 3790 de
838 3729 875 3791 Β.
893 3727 957 3792 tfr.
979 3748 1046 3810 cap.
1067 3743 1124 3807 58.
1140 3734 1185 3792 iu.
1198 3723 1315 3821 super·

277 3828 384 3889 cilium
400 3819 551 3919 excelsum
569 3833 673 3914 uperi,
700 3830 756 3890 ubi
775 3831 920 3892 Darisrue
940 3833 1075 3912 explicat
1104 3833 1211 3894 iocum
1233 3836 1316 3895 emi·

275 3931 477 3998 nentiorem,
511 3929 741 4001 summitatem,
778 3945 812 3992 ut
837 3935 967 3995 Serriue
993 3936 1026 3993 in
1053 3935 1163 4018 Virgil.
1188 3935 1313 4020 Georg.

281 4051 311 4100 r,
331 4041 411 4108 ιο8.
437 4030 493 4090 ubi
509 4034 596 4112 plura
614 4034 679 4094 loca
697 4034 835 4116 conlegit
851 4035 961 4097 Cerda.
996 4031 1045 4097 Cs.
1067 4039 1163 4096 etiarn
1178 4037 1316 4101 Rittere·

274 4131 342 4197 hus.
363 4133 401 4194 ad
418 4131 557 4215 Oppiani
571 4135 710 4197 Halieut.
727 4147 762 4214 4.
782 4157 850 4221 pag.
871 4149 955 4216 305.
1008 4137 1177 4198 incurvam
1201 4154 1315 4203 autern
