2724 4904
309 408 375 488 toi
576 406 1077 470 nortnuxnourmn

308 587 475 667 Erythrae,
498 582 592 646 Persa
607 603 739 666 genere,
766 603 865 668 equas
881 605 900 644 a
918 581 1070 646 leonibus
1093 581 1237 668 agitatas,
1262 609 1325 652 cum

309 688 388 771 fuga
408 688 439 748 se
455 707 514 768 per
528 685 813 758 mure‘scrvallent,
838 689 1017 769 quaefitum
1033 682 1067 746 in
1082 684 1202 749 insulas
1217 687 1326 753 traiecit

308 787 400 852 illius
424 785 537 858 marie,
566 807 684 872 easque
702 783 821 849 incolis
838 784 1074 871 frequentavit,
1100 785 1137 848 in
1157 785 1251 850 cuiua
1263 789 1326 852 facti

309 887 449 975 gloriam
481 885 588 972 ipsunt
616 907 706 948 mare
734 889 776 950 stc
798 885 923 950 dictum
951 885 1060 950 suerit.
1118 890 1266 970 Regnum
1287 889 1325 952 ibi

308 989 446 1055 tenuisse
467 1004 574 1051 narrat
592 986 658 1050 Dio
675 991 734 1066 63,
756 1000 811 1064 28.
839 988 929 1072 quod
951 991 991 1050 ad
1013 986 1152 1050 insulam
1175 993 1326 1054 Oaructam

309 1092 411 1156 refert
427 1089 579 1154 Arrianus
600 1087 635 1150 in
658 1086 779 1152 Indicis
802 1083 872 1172 cap.
891 1105 947 1166 37.
999 1091 1173 1151 Mortuum
1190 1089 1224 1152 in
1244 1113 1325 1166 mare,

309 1194 399 1258 unde
419 1213 541 1254 nornen
564 1189 666 1261 mari,
699 1187 885 1272 proiectum
910 1207 942 1252 et
964 1187 1034 1251 eius
1056 1207 1269 1253 monumento
1287 1193 1327 1255 in·

310 1291 523 1378 scriptionem
545 1293 722 1375 adpofitam
746 1292 805 1352 ell'e
832 1307 939 1352 narrat
964 1293 1072 1354 Schol.
1100 1290 1222 1354 Villois.
1244 1295 1278 1354 ad
1297 1297 1325 1358 ll.

315 1407 476 1474 18,3‹29.
511 1409 543 1454 ει
567 1390 711 1476 inscript.
738 1391 846 1454 refert.
913 1390 1022 1453 Hodie
1049 1389 1186 1477 quidam
1218 1398 1326 1467 volunt,

310 1496 455 1560 eundem
485 1495 563 1567 elle,
613 1491 670 1579 qui
709 1490 744 1555 in
776 1491 869 1555 saeris
909 1490 1013 1555 literis
1049 1510 1191 1555 vocetur
1226 1495 1326 1569 Edon,

310 1595 485 1683 (Esavus,)
512 1592 594 1658 etin
610 1592 676 1656 illis
697 1592 790 1657 terris
811 1589 1031 1676 imperaverit.
1068 1592 1143 1655 Vid.
1167 1597 1191 1656 F
1194 1598 1277 1658 uller.
1298 1595 1326 1658 in

309 1697 444 1762 miscell.
466 1695 542 1762 sacr.
566 1707 602 1777 4,
624 1715 681 1760 co.
717 1696 816 1758 Geth.
839 1695 961 1758 Vossius
982 1694 1022 1757 de
1042 1694 1212 1780 theologia
1231 1693 1326 1780 gentil

317 1823 348 1874 ι,
375 1809 433 1880 54.

323 2051 327 2058 .
387 1990 685 2091 procellosum)
717 1997 972 2084 Navigationem
987 1995 1023 2060 in
1044 2001 1148 2063 rubro
1163 1996 1243 2062 mari
1259 1996 1327 2083 peri-

309 2104 471 2173 culosam,
498 2102 587 2185 quod
605 2103 737 2184 plenum
756 2100 839 2164 illud
856 2106 891 2166 fit
906 2091 1055 2165 cautibus
1073 2101 1130 2162 sub
1148 2123 1230 2186 aqua
1245 2105 1325 2162 laten·

311 2203 418 2278 tibus,
444 2199 635 2286 pronuntiat
651 2197 749 2266 etiam
762 2204 865 2265 Belon
887 2227 918 2288 p.
942 2217 1020 2280 132.
1055 2203 1107 2265 De
1124 2205 1194 2264 sinu
1211 2200 1325 2289 quidem

311 2303 450 2370 Arabico
471 2301 508 2365 id
528 2300 694 2386 iutelligit.

320 2577 324 2582 ,
387 2505 704 2589 animalium)
753 2504 807 2578 Sic
826 2503 940 2570 Avien.
960 2529 992 2569 v.
1012 2517 1094 2589 782.
1113 2499 1324 2597 ferventErr·

312 2609 416 2672 thraci
437 2627 592 2687 nrarnzora
610 2609 709 2668 Ponti
727 2609 806 2670 Tota
820 2601 925 2698 ferirr
951 2623 984 2670 et
1005 2607 1090 2691 poll:
1118 2609 1325 2700 morfirigenar

302 2705 430 2801 fluctus
469 2723 501 2769 et
533 2725 672 2770 montra
698 2711 828 2770 voratio
860 2724 1112 2783 commemorat,
1150 2707 1324 2787 Dionysium

312 2832 343 2873 v.
362 2823 445 2889 597.
467 2807 641 2881 reserens,
658 2807 714 2894 qui
743 2811 842 2871 habet
863 2806 963 2896 κήτεα
994 2803 1117 2897 οὔρεσιν
1139 2803 1324 2894 ἦλιβᾰτοιιιι

311 2905 453 2976 ἐοικότα.
489 2906 579 2970 Hinc
596 2906 684 2970 idem
700 2907 883 2972 Priscianus
897 2934 928 2977 v.
942 2924 1024 2990 593.
1041 2903 1138 3000 feras
1157 2906 1326 2994 adpellant,

311 3001 454 3075 Avienus
476 3008 593 3074 belim
614 3013 771 3082 marinas,
804 3008 854 3072 uti
877 3009 952 3082 alii,
988 3011 1028 3073 de
1051 3031 1117 3096 quo
1133 3007 1203 3074 vid.
1220 3011 1323 3072 Vonclr.

313 3112 355 3175 ad
374 3108 557 3194 Corippum
578 3133 608 3183 r,
627 3135 706 3178 rto.
758 3115 804 3172 lta
826 3133 904 3174 vero
926 3113 1049 3193 plenam
1073 3110 1230 3174 beluarum
1251 3129 1325 3171 rnara

313 3211 396 3276 dicit
417 3213 508 3276 Curt.
531 3233 584 3284 ιο,
606 3236 636 3285 ι,
659 3230 712 3274 rc.
750 3211 801 3274 Cf.
825 3210 924 3274 Diod.
949 3231 1003 3293 19,
1026 3229 1079 3288 17.
1101 3229 1231 3295 praeter
1247 3208 1322 3276 alios.

311 3315 428 3397 Magis
443 3335 550 3406 capax
572 3327 701 3387 autem,
726 3329 764 3376 ut
781 3317 883 3396 magis
897 3313 981 3376 laeta
1002 3337 1031 3391 1,
1053 3336 1107 3378 ιο.
1121 3309 1170 3377 in.

387 3513 592 3599 impellit)
643 3515 841 3589 submovet,
868 3513 1034 3598 retroagit.

389 3717 567 3802 arenci)
617 3719 670 3782 Sc.
686 3719 736 3789 se,
758 3734 795 3780 ut
812 3717 919 3802 saepe,
940 3715 963 3779 i.
981 3739 1009 3780 e.
1032 3716 1067 3781 in
1089 3719 1228 3782 formam
1245 3733 1321 3778 arcus

315 3835 479 3882 curvatur.
520 3823 623 3883 Arcus
637 3835 746 3882 autem
766 3820 807 3880 ad
827 3822 910 3881 sinuo
925 3819 1065 3881 formam
1080 3819 1319 3904 saeperefertur.

314 3917 370 3984 Sic
387 3918 484 3984 ovid.
502 3918 590 4003 epist.
608 3941 640 3992 o,
662 3937 739 3997 ¹3¹·
763 3920 807 4014 est
817 3918 933 4011 sinus,
958 3921 1115 3984 adductos
1139 3923 1252 3984 modice
1261 3909 1319 4009 fai·

315 4033 408 4081 catus
421 4022 453 4082 in
465 4042 575 4094 ornis,
599 4023 711 4085 ultima
726 4035 899 4102 praerupta
912 4041 1029 4084 cornua
1046 4023 1125 4085 mole
1139 4025 1245 4106 rigent.
1276 4012 1319 4080 55⁶

314 4121 449 4186 Metam.
471 4145 526 4198 ιι,
546 4140 627 4204 229.
669 4123 719 4188 Cf.
739 4124 782 4185 ad
796 4125 918 4186 Melam
940 4146 968 4197 ι,
992 4141 1045 4204 19,
1061 4120 1094 4188 6.
