2696 4896
290 419 350 485 »aa
557 407 717 467 1101111
756 409 1061 468 exeoamoaa

357 571 575 674 satietas)
624 582 749 644 Plinius
770 603 797 645 c.
818 583 840 646 1.
866 583 920 646 ise:
951 583 1134 646 Morsnon
1157 576 1225 672 nifl
1240 569 1336 670 satie·

290 671 360 748 tate
388 682 493 752 vitae.
528 681 665 760 epulatis
695 681 891 767 delibutoque
911 675 1004 774 senio
1024 685 1109 746 lrsxu
1134 703 1179 744 ex
1197 683 1337 764 qttodam

289 806 364 864 rupe
379 785 413 844 iu
429 804 512 844 mare
520 773 719 873 salientibus.
760 785 888 846 Solinus
902 806 929 848 c.
942 787 964 848 l.
988 806 1068 870 quos
1084 776 1241 875 satietas
1257 795 1338 843 tenet

289 886 394 955 vitae,
420 883 541 964 epulati
558 881 746 967 delibutique
761 884 799 946 de
813 907 888 966 rupe
902 901 982 952 notet
997 885 1217 966 praecipitem
1233 875 1339 975 casem

290 988 322 1048 iu
346 1005 432 1046 mare
452 975 650 1073 profundum
671 983 841 1078 defit'uaut.
893 989 939 1048 lta
955 987 1049 1058 Ceos,
1079 985 1252 1048 senectute
1268 1003 1338 1046 con·

289 1085 400 1158 iectus.
425 1087 560 1148 cicutam
576 1085 684 1148 bibere
695 1101 800 1149 uastat
815 1089 935 1152 Aelian.
953 1091 990 1152 V.
1007 1089 1049 1152 H.
1067 1101 1103 1169 5,
1122 1101 1188 1167 57.

360 1278 496 1381 sertis
504 1285 522 1370 )
571 1289 751 1370 Tamquam
776 1290 810 1350 in
836 1310 869 1352 se
892 1291 986 1362 laeta,
1020 1288 1164 1351 solemni
1192 1301 1227 1348 et
1251 1285 1334 1357 iacta.

161 1429 164 1433 -
290 1390 347 1452 ubi
372 1408 560 1451 coronarum
582 1388 654 1451 uiue
678 1392 788 1454 valuit.
841 1391 892 1454 Sic
913 1391 973 1454 Cei
996 1391 1083 1472 apud
1111 1390 1244 1453 Aelian.
1268 1387 1333 1452 ul.

290 1491 348 1554 ubi
361 1491 429 1552 vid.
446 1491 592 1554 Perizon.
608 1492 693 1555 etad
712 1503 743 1572 5,
761 1505 795 1572 5.

464 1697 493 1772 §.
523 1705 556 1773 5.
607 1714 714 1756 mare
748 1684 972 1785 Caspium)
1021 1682 1331 1789 uenumdati-

290 1791 418 1868 λασσα,
453 1795 503 1856 11ιί
526 1795 679 1858 Herodot.
708 1817 736 1868 1,
762 1811 847 1873 203.
883 1795 1063 1880 Stephanus
1086 1795 1122 1859 h.
1150 1813 1186 1856 v.
1210 1792 1329 1870 aliique.

290 1897 410 1962 Poetae
440 1915 479 1958 ex
508 1915 597 1958 more
628 1898 714 1960 varia
744 1899 920 1958 mutatione
945 1916 1002 1978 pro
1031 1899 1111 1957 masi
1144 1896 1207 1956 alia
1233 1889 1331 1952 substi-

290 2010 406 2069 tuunt,
435 1998 535 2058 veluti
560 1995 693 2076 Dionys.
717 2018 748 2059 v.
765 2011 823 2077 55.
848 2000 930 2073 7116.
960 1993 1089 2082 Κασπίη
1115 1989 1328 2082 ’Δμφιτρίτψ

290 2099 435 2162 Avienue
464 2098 497 2157 in
525 2115 577 2160 osa
603 2099 758 2159 maritima
782 2121 814 2162 v.
832 2112 916 2178 391.
944 2091 1066 2188 Caspia
1096 2097 1229 2178 Tethys.
1282 2092 1329 2152 Sit

293 2197 426 2262 Curtius
442 2211 475 2269 7,
493 2209 525 2276 5,
548 2215 602 2277 19.
627 2189 781 2288 Caspium
791 2191 931 2288 fretum.
957 2192 1019 2273 ἃλς
1038 2193 1178 2282 Κασπίη
1200 2189 1326 2272 Dionyi

290 2317 326 2360 v.
344 2314 428 2382 719.
473 2298 535 2360 Sed
552 2298 632 2359 haec
653 2299 761 2361 ufitata
777 2315 809 2363 et
824 2315 898 2362 nota
917 2302 951 2360 in
973 2299 1169 2382 adpellativo
1188 2297 1325 2357 nomine.

291 2387 420 2474 Kaoui5
446 2401 544 2460 etiam
572 2399 754 2482 fintpliciter
784 2401 826 2464 est
851 2401 934 2483 apud
961 2398 1090 2479 Dionys.
1110 2421 1145 2462 v.
1166 2409 1251 2476 748.
1279 2391 1323 2454 vei

290 2501 399 2564 addito
421 2491 510 2587 ἅλμη
525 2520 558 2561 v.
576 2515 660 2580 729.
715 2503 739 2564 Δ
759 2493 895 2593 Caspius
910 2516 1016 2562 autem
1032 2501 1221 2583 Stephanus
1243 2495 1324 2556 ducit

291 2595 497 2672 Kaoutuuis.
522 2603 607 2681 quod
625 2615 657 2662 et
672 2616 814 2664 auctores
836 2602 980 2682 probant.
1032 2603 1074 2662 Et
1089 2603 1130 2663 fic
1152 2589 1320 2678 Ronmanis

290 2697 447 2766 θάλασσα
463 2701 682 2764 Eratosthenes
704 2703 788 2785 apud
802 2704 907 2766 Schoi.
925 2703 1085 2784 Apollonii
1108 2703 1148 2762 ad
1167 2717 1201 2768 11,
1223 2709 1321 2772 ²25¹·

270 2855 275 2868 .
291 2801 443 2876 liuentis
457 2817 615 2884 praeterea
631 2804 726 2864 habet
737 2803 867 2882 Dionys.
884 2825 917 2864 v.
933 2805 1037 2885 1064.
1066 2803 1173 2863 Latini
1191 2789 1318 2888 Caspia·

290 2925 357 2967 eus.
406 2901 509 2966 Modo
530 2905 601 2974 late,
626 2905 724 2966 modo
740 2905 866 2989 auguste
885 2905 958 2976 dici,
981 2903 1084 2965 noster
1101 2902 1168 2984 ipie
1187 2899 1318 2960 monuit.

292 3003 448 3068 Arabibua
462 3005 577 3064 dicitur
592 3025 677 3066 mare
695 3006 829 3076 cessar,
851 3019 888 3066 ut
902 3005 1029 3086 adparet
1045 3025 1084 3066 ex
1101 3003 1220 3086 Geogr.
1238 2996 1317 3058 Nub·

292 3107 379 3168 alim.
397 3117 429 3182 5.
456 3118 536 3188 part.
556 3119 589 3182 7.
649 3108 675 3168 A
695 3105 813 3189 Caspiis
833 3107 945 3168 accolis
968 3125 1089 3166 nomen
1109 3105 1199 3164 ducit
1222 3095 1319 3160 Eusta-

290 3206 377 3268 thiue
392 3207 431 3266 ad
447 3203 581 3286 Dionys.
597 3226 630 3268 v.
646 3221 730 3284 750.
756 3206 812 3267 ubi
827 3208 923 3268 etiam
940 3207 1031 3267 fimul
1047 3219 1167 3275 monet,
1188 3201 1227 3262 ab
1243 3199 1318 3275 Hyr·

292 3310 377 3370 canis
406 3306 470 3368 dici
499 3303 674 3396 Ὑρκανίαν
700 3302 894 3378 θάλατταν,
933 3309 1020 3388 quod
1056 3304 1191 3388 praefert
1221 3298 1318 3361 Ptole·

291 3419 450 3484 maeue5‚
471 3422 524 3484 15.
552 3410 585 3479 6,
604 3425 639 3486 9.
668 3423 701 3469 et
722 3409 762 3470 de
782 3421 917 3488 utroque
939 3409 1082 3470 adfirmat
1104 3405 1217 3467 diserte
1241 3402 1314 3463 Stra-

290 3507 335 3570 bo
352 3525 385 3570 a.
402 3528 433 3590 p.
451 3507 638 3586 83.i.121.
665 3523 698 3570 et
711 3509 942 3592 Agathemerue
964 3529 992 3578 1.
1011 3523 1042 3588 5.
1071 3505 1204 3586 Dionys.
1220 3511 1314 3574 v.50·

291 3609 429 3673 Ptolem.
451 3621 485 3685 5,
507 3627 542 3688 9.
563 3609 689 3689 aliique.
725 3611 832 3670 Latini
856 3631 942 3671 mare
956 3609 1159 3690 Hyrcassum,
1191 3617 1227 3666 ut
1246 3601 1313 3663 Pto·

291 3723 370 3792 pert.
390 3725 423 3781 Ω,
442 3723 498 3788 5ο,
515 3711 574 3772 26.
597 3708 610 3794 (
620 3707 640 3769 i.
658 3725 690 3780 a,
703 3723 758 3788 25.
771 3705 852 3790 66.)
865 3759 867 3762 .
878 3711 929 3772 vei
945 3711 1154 3791 Hyrceutiuns,
1173 3707 1220 3767 uti
1233 3717 1311 3763 mox·

292 3809 405 3871 Noster
425 3810 513 3870 addit
532 3809 729 3892 Scythicum,
763 3825 796 3872 et
817 3812 857 3872 de
876 3811 1069 3894 [iugulorum
1086 3809 1254 3869 nominum
1271 3817 1310 3861 11·

290 3912 379 3972 tione
396 3923 429 3970 et
452 3909 508 3970 uiu
523 3912 665 3992 exponit.
716 3912 802 3972 Hinc
816 3911 938 3972 Plinius
955 3913 987 3980 6.
1008 3920 1061 3989 ¹4·
1080 3907 1101 3973 s.
1122 3923 1177 3988 15.
1199 3903 1311 3986 Hyrca·

290 4013 376 4074 nium
397 4024 430 4072 et
455 4001 608 4101 Caspium
631 4029 715 4073 mare
741 4011 916 4096 distinguit.
967 4009 1038 4073 Post
1057 4012 1199 4093 primum
1210 4001 1310 4096 finum

290 4112 359 4175 eiua
375 4125 467 4175 vocat
483 4111 673 4194 Scythicum,
691 4113 733 4176 ob
748 4113 880 4193 Scythas
894 4111 1031 4184 accolam
1056 4109 1210 4176 Albanum
1225 4119 1308 4168 messes
