2748 4888
259 427 305 470 ω’
528 409 689 468 tuom
732 407 1035 467 zxttourtcau

255 585 390 669 quidem
406 595 495 666 parto
511 581 639 647 Plinius
653 597 687 661 3,
704 597 738 662 3.
754 581 775 644 s.
795 603 826 648 1.
848 583 989 646 Celticos
1003 597 1037 645 et
1048 582 1220 654 Turdulon
1240 581 1306 648 lroa

254 689 387 772 quidem
408 687 510 770 magia
525 685 564 746 ad
586 687 743 747 orientem
764 687 867 767 ponit.
913 686 1011 769 Quod
1032 705 1110 750 vero
1124 685 1248 750 Plinius
1262 696 1303 765 4,

258 801 318 870 55.
335 787 355 850 s.
374 803 434 850 22.
456 787 621 850 Turdulos
644 787 757 848 hocin
782 801 883 848 tractu
902 791 998 848 etiam
1014 787 1175 848 Bardulos
1197 788 1305 850 dictor

256 890 414 959 asseruit,
440 888 577 973 intelligi
591 908 659 950 non
677 888 787 973 potest.
813 888 872 949 nili
883 888 1012 982 Bastuli
1032 890 1164 974 legatur,
1190 908 1305 970 quam·

256 1011 352 1075 quam
371 1004 404 1052 et
416 991 449 1051 id
472 1010 598 1052 novum
614 990 667 1054 esi.
722 990 798 1052 Non
819 993 924 1062 enim,
948 992 1034 1073 quod
1051 1003 1144 1072 putat
1162 990 1206 1050 ibi
1222 989 1307 1054 Hat-

256 1094 393 1164 duinua.
416 1093 546 1154 Varduli
565 1089 653 1162 sunt,
679 1113 759 1172 quoa
778 1091 916 1156 Ptolem.
934 1109 966 1164 a,
984 1095 1017 1156 6.
1033 1094 1079 1153 in.
1099 1095 1133 1152 in
1152 1092 1305 1154 Tarraco·

256 1195 344 1260 nenti
362 1192 525 1279 agnoscat,
551 1194 720 1256 cumhinc
740 1195 936 1275 aliquantum
952 1194 1011 1256 lint
1024 1195 1141 1256 remoti
1160 1195 1199 1254 ad
1218 1193 1306 1256 Can-

256 1281 413 1360 tabricum
441 1295 607 1358 Oceanum
640 1315 741 1379 prope
762 1297 971 1374 Pyrenaeum.
1024 1297 1165 1358 Eordern
1190 1309 1305 1356 autem

255 1398 334 1468 esse,
359 1399 446 1480 quod
461 1394 552 1480 supra
567 1417 606 1459 ex
620 1397 776 1460 Strabone
795 1399 923 1468 notari,
945 1396 1059 1460 diserte
1074 1399 1218 1460 adfirmat
1231 1400 1307 1460 Ste-

255 1501 382 1584 phanur
399 1497 419 1562 s.
436 1521 468 1562 v.
487 1493 732 1586 Toupinrovr'a,
759 1502 807 1560 uti
823 1501 895 1584 lego
911 1517 970 1583 pro
986 1495 1220 1586 Tonpirruvio,
1242 1496 1306 1560 etii

255 1605 300 1664 ita
310 1604 420 1688 'adhuc
433 1602 558 1663 editum
573 1601 688 1685 legitur
704 1604 738 1662 in
753 1601 908 1665 Strabone
925 1615 958 1678 3.
975 1623 1006 1685 p.
1019 1611 1078 1680 98.
1096 1599 1117 1662 s.
1135 1610 1215 1679 141.
1241 1599 1306 1660 ubi

255 1718 365 1767 tamen
392 1703 475 1768 Corl.
502 1700 601 1764 Molo.
629 1703 760 1765 exhibet
784 1723 841 1785 per
861 1725 896 1788 η,
935 1705 986 1764 uti
1012 1703 1169 1785 populum
1195 1699 1305 1783 ipsum

255 1807 398 1870 Ptolem.
415 1822 448 1876 a.
465 1815 501 1884 4.
515 1818 549 1865 et
568 1817 602 1884 5.
628 1825 687 1888 pro
707 1824 771 1888 quo
791 1799 1014 1892 Tovpdaroaio
1031 1819 1064 1866 et
1080 1791 1304 1891 Τουρδετανοὶ

255 1907 370 1974 Strabo
389 1922 422 1988 5.
438 1928 470 1990 p.
488 1908 547 1986 96.
564 1905 584 1968 s.
606 1921 685 1986 139.
713 1927 753 1970 ex
773 1905 951 1989 promiscua
969 1907 1241 1989 pronuntiatione,
1267 1915 1306 1966 at

257 2010 297 2072 sic
313 2029 369 2092 per
385 2030 402 2068 e
419 2008 526 2071 Latini
543 2007 691 2071 efferunt.
730 2009 793 2070 Sed
809 2022 843 2070 et
860 2022 1032 2090 utrumque
1052 2009 1209 2091 populum
1228 2023 1306 2089 pro·

256 2109 376 2173 miicue
390 2111 522 2191 quidam
539 2122 805 2180 commemorant,
829 2123 867 2170 ut
885 2111 999 2172 Livius
1015 2119 1074 2189 54,
1098 2125 1139 2180 17
1158 2106 1220 2190 sqq.
1243 2107 1307 2169 ubi

198 2285 203 2296 ·
254 2215 353 2276 otiam
367 2211 475 2274 Codd.
494 2210 627 2274 variant.
666 2207 718 2274 Cs.
739 2211 778 2272 ad
797 2223 855 2288 23.
875 2225 933 2297 59.
949 2221 983 2286 8.
1007 2225 1039 2276 et
1054 2211 1091 2272 arl
1111 2221 1168 2292 54,
1193 2225 1245 2283 17,
1263 2219 1303 2292 4.

256 2314 420 2376 Turdulos
445 2310 540 2374 habet
557 2311 735 2375 Marcianus
752 2313 876 2376 Heracl.
893 2333 926 2395 p.
943 2327 1002 2392 39.
1024 2313 1100 2375 inde
1114 2334 1131 2374 a
1147 2311 1304 2382 Mellaria,

255 2417 459 2478 Turdetanos
482 2411 521 2474 ab
544 2413 623 2477 tua.
665 2409 793 2478 Plinius
815 2415 1017 2476 Turdetanos
1047 2416 1140 2498 plane
1163 2415 1303 2496 ignorat.

256 2519 343 2580 Dicti
354 2530 465 2578 autern
481 2515 578 2577 etiam
595 2515 668 2577 sunt
683 2516 792 2586 iidem,
809 2530 937 2578 auctore
950 2516 1123 2598 Stephano,
1146 2507 1303 2603 Toripror.

256 2619 329 2705 (cui
355 2619 459 2680 lucem
486 2613 634 2678 adsundit
661 2617 743 2680 Cato
765 2620 800 2678 in
827 2619 971 2680 oratione
992 2619 1033 2680 de
1059 2615 1222 2680 consulatu
1244 2614 1303 2678 suo

256 2721 340 2803 apud
358 2716 478 2783 Charis.
498 2733 532 2781 a.
546 2740 579 2800 p.
600 2723 703 2798 190.)
730 2732 762 2782 et
777 2709 1041 2807 Touprournroi,
1068 2719 1139 2788 vel.
1166 2731 1302 2780 notante

159 2857 163 2870 ·
257 2819 423 2884 Holllenio
440 2841 473 2903 p.
485 2821 569 2900 326.
593 2816 811 2908 Tupruruvoi.
847 2819 975 2884 Priores
990 2822 1043 2882 vel
1058 2821 1199 2902 potiores
1212 2817 1304 2881 suillo

257 2923 430 2993 videntur,
464 2925 535 3004 quia
560 2925 650 3007 regio
674 2923 790 2984 dicitur
811 2922 1017 2990 Turdetania.
1048 2941 1116 2983 nou
1134 2921 1300 2983 Turdulia.

257 3023 355 3090 Plura
376 3024 595 3109 conlegerunt,
624 3024 676 3086 vel
696 3022 911 3086 disseruerunt
929 3021 1105 3086 Reseudiut
1127 3023 1161 3084 in
1178 3023 1301 3104 antiqu.

257 3127 395 3188 Lusitan.
417 3125 474 3189 lib.
495 3147 524 3190 1.
546 3145 617 3210 pag.
636 3143 694 3205 79.
729 3127 783 3207 qui
811 3125 976 3188 Turdulos
1003 3138 1127 3186 veteres
1150 3125 1304 3187 omniurn

257 3225 480 3314 Turdulorum
502 3241 649 3311 parentet
673 3240 784 3298 vocat,
817 3226 945 3288 Nonius
973 3227 1006 3286 in
1029 3225 1158 3308 Hispan.
1180 3245 1247 3307 cap.
1263 3235 1300 3301 8.

258 3351 329 3416 pag.
348 3342 431 3411 588.
459 3345 492 3392 et
517 3344 575 3406 50.
598 3349 628 3410 p.
648 3339 733 3410 411.
763 3329 818 3414 (in
838 3328 963 3391 Schotti
985 3327 1132 3410 Hispania
1154 3327 1302 3390 illustrata

257 3435 299 3495 T.
317 3432 373 3514 4.)
394 3445 427 3494 et
444 3433 556 3494 Florez
575 3430 610 3491 in
626 3427 745 3512 Esparia
764 3431 899 3516 sagrada
920 3432 960 3492 T.
976 3448 1012 3510 9.
1027 3450 1059 3511 p.
1077 3445 1110 3504 7.
1145 3429 1301 3492 Turdeta-

258 3533 330 3595 niae
352 3545 461 3595 autern
483 3532 691 3614 metropolim
707 3531 911 3595 Ptolemaeus
933 3544 1164 3593 commemorat
1179 3530 1303 3592 Cordu-

258 3633 343 3705 bam,
370 3651 509 3715 quocum
526 3631 683 3695 consentit
700 3645 808 3695 auctor
824 3634 864 3695 do
880 3633 917 3693 B.
934 3631 1023 3714 Hisp.
1042 3652 1068 3694 c.
1085 3647 1118 3709 3.
1155 3627 1302 3693 Docum-

259 3755 330 3798 tnoa
360 3736 510 3797 omnium
542 3731 755 3817 Hispanorum
776 3735 938 3798 Turdulos
958 3735 1114 3816 praedicat
1134 3733 1246 3795 Strabo
1266 3745 1303 3813 3.

258 3859 292 3922 p.
309 3837 369 3918 96.
384 3834 406 3898 s.
427 3845 507 3917 14ο.
535 3839 590 3918 qui
612 3837 817 3921 grammatica
839 3849 983 3907 utantur,
1015 3837 1210 3918 antiquitatis
1231 3853 1303 3897 mo·

259 3949 414 4002 numanta
440 3935 612 4019 conscripta
639 3937 775 4000 habeant
799 3952 832 4000 et
855 3939 994 4002 carmina
1021 3952 1054 4002 et
1079 3940 1165 4024 leger
1190 3936 1303 4002 metria

260 4037 394 4106 inclusor
409 4037 486 4103 inda
504 4059 522 4104 a
542 4037 591 4103 sur
609 4039 738 4106 mitibus
759 4059 929 4107 annorum.
