2748 4888
245 313 287 382 ω
515 298 679 361 atum
718 293 1024 357 axacuarcaa

251 480 316 543 vici
347 477 503 560 villaeque
531 475 643 559 potiue
674 469 765 536 inille
791 469 960 542 videntur,
998 481 1081 532 cette
1107 467 1244 553 oppida
1279 484 1334 528 ex

253 577 359 668 gentle
381 597 473 642 more
494 591 527 642 et
548 574 647 641 sensu.
687 575 760 636 vid.
784 575 904 656 Spectet
926 575 962 634 ln
981 573 1076 634 notit.
1092 571 1207 634 Germ.
1240 582 1331 630 ant.

253 679 352 768 praes.
374 701 405 762 p.
425 693 481 760 13.
532 679 634 766 Silvae
656 676 849 761 paludesque
869 673 965 737 habet
986 675 1082 736 etiam
1098 673 1181 754 apud
1204 672 1332 732 Taci-

254 798 325 846 tum
346 781 415 844 hill.
432 789 467 860 4,
489 795 547 862 73.
561 777 586 868 ¹s.
613 798 689 862 quae
712 777 941 862 migrationum
963 774 1066 838 causm
1087 771 1173 840 lacit.
1211 773 1326 836 Ptin.

247 887 318 981 1ιδ,
336 899 369 948 a.
385 881 406 945 l.
429 902 458 944 t.
471 879 579 975 stivae
591 889 702 944 'totam
727 879 928 943 Germaniam
949 877 1080 960 replent.

337 1087 386 1148 im
394 1081 567 1166 perlita)
616 1083 725 1155 Tene.
751 1102 844 1165 quum
866 1095 938 1164 apte
961 1079 1167 1163 distincteque
1184 1079 1231 1142 ‹le
1256 1077 1330 1139 sin·

262 1189 345 1276 gulia
362 1187 445 1249 Mela
462 1187 514 1247 hic
528 1185 683 1268 loquatur.
722 1189 774 1248 Sic
789 1183 854 1246 sere
870 1185 1000 1247 Tacitus
1015 1203 1082 1267 cap.
1098 1195 1131 1261 5.
1147 1195 1245 1245 tarra
1262 1207 1325 1226 ·-

253 1288 351 1384 silvis
367 1287 515 1359 horrida,
541 1300 601 1350 aut
620 1285 793 1370 paludibus
805 1277 923 1377 faeda.

343 1488 565 1574 paludum)
615 1489 705 1555 Certi
733 1491 816 1553 nihil
849 1487 964 1554 adferri
989 1487 1108 1572 potell,
1140 1505 1201 1549 oec
1223 1483 1325 1546 tanti

266 1591 338 1656 sont
360 1594 508 1676 paludes.
535 1604 572 1654 ut
590 1593 740 1674 inquiras.
792 1595 842 1654 Dc
857 1591 951 1684 Efiia
973 1604 1084 1652 mouet
1105 1601 1217 1652 contra
1237 1583 1324 1647 Vos·

270 1695 349 1755 lium
371 1695 459 1778 (vid.
481 1708 550 1756 uot.
575 1695 644 1756 crit.
670 1713 701 1776 p.
721 1688 803 1776 91.)
823 1693 961 1771 Bayerua
986 1695 1018 1754 io
1039 1689 1143 1774 opusc.
1166 1712 1199 1772 p.
1218 1698 1323 1770 420.

268 1793 342 1882 (ed.
367 1794 499 1881 Klotz.)
529 1797 694 1857 neminem
729 1797 949 1858 llontanorum
978 1796 1018 1856 de
1045 1793 1185 1861 succino,
1219 1787 1323 1870 quod

270 1915 418 1962 amoene
434 1899 515 1959 mari
531 1887 602 1960 elici
621 1898 767 1969 tradunt.
793 1899 826 1959 in
848 1918 886 1962 eo
903 1916 1044 1980 unquam
1062 1911 1167 1958 errore
1181 1889 1296 1954 soille.

348 2097 585 2181 Hercynia)
635 2100 736 2171 Silva,
759 2113 795 2160 ut
811 2101 920 2164 multia
941 2101 1009 2162 aliia
1035 2099 1166 2168 dicitur,
1190 2093 1323 2175 Harey*

274 2201 347 2262 nius
369 2202 467 2260 etiam
484 2191 604 2290 saltus.
650 2203 829 2284 Utrumque
858 2203 974 2287 legitur
995 2201 1077 2282 apud
1101 2200 1255 2260 Tacitum
1284 2196 1322 2254 in

277 2301 387 2365 Germ.
404 2321 430 2362 c.
450 2314 507 2378 28.
525 2313 557 2361 et
574 2315 632 2382 30.
657 2303 809 2386 Hercynii
814 2295 924 2394 saltus
939 2305 1019 2365 dixit
1036 2303 1148 2362 Liuius
1161 2307 1322 2376 Mam·

281 2401 460 2464 Germanici
469 2395 577 2494 saltus
596 2403 680 2464 idem
698 2423 730 2484 9.
749 2407 806 2484 36.
820 2407 866 2468 in.
894 2403 1071 2488 Hercyniae
1076 2399 1321 2493 stivac'Florue

263 2515 316 2582 ,3,
338 2513 464 2584 10.14.
502 2503 677 2586 Hercynius
688 2496 796 2596 soltus
817 2526 844 2577 t,
868 2523 921 2576 tt.
940 2517 972 2584 8.
992 2519 1025 2568 et
1040 2499 1160 2587 paffim.
1195 2500 1321 2564 Strabo

281 2617 315 2681 7.
332 2623 362 2686 p.
379 2620 463 2667 noa.
474 2603 493 2668 s.
506 2621 588 2685 292.
605 2607 771 2688 aliquoties
787 2593 954 2696 ‘Epmlmcr
970 2599 1104 2694 δρυμὸς,
1128 2618 1165 2665 ut
1179 2599 1320 2682 Dionys.

175 2733 178 2742 ’
280 2709 415 2783 magd.
451 2709 564 2769 lulian.
587 2723 657 2790 pag.
678 2723 756 2787 ¹⁰4·
778 2709 942 2773 edl'aris.
965 2721 1067 2788 1533.
1091 2709 1177 2772 etin
1200 2701 1323 2788 plurali

280 2807 462 2872 Aristotelea
495 2811 528 2869 in
556 2809 666 2872 miralr.
702 2808 830 2874 auscult.
858 2833 924 2894 cap.
948 2827 1027 2874 tta.
1049 2811 1093 2872 iu.
1122 2821 1155 2871 et
1179 2807 1321 2870 Diodor.

282 2909 345 2974 Sic.
366 2923 399 2987 5.
418 2925 476 2972 at.
520 2911 598 2972 Eius
613 2913 736 2976 mentio
751 2913 845 2974 exilat
859 2915 954 2974 etiarn
969 2915 1001 2973 in
1019 2911 1181 2995 Apollonii
1198 2913 1323 2990 Argon.

284 3009 428 3092 4u6'40.
463 3009 519 3072 ubi
542 3025 671 3075 vocatur
694 3009 854 3088 σκόπελος
875 3008 1039 3103 ‘Epttu'mct
1060 3027 1092 3076 et
1113 3033 1130 3075 a
1149 3007 1323 3075 Scholiasta

285 3115 459 3196 explicatur
476 3105 548 3200 ὅρος
564 3107 712 3186 Κελτῶν,
733 3111 753 3202 'l
770 3110 898 3202 δρυμός.
942 3118 982 3178 At
997 3113 1199 3178 Ptolemaeus
1216 3111 1323 3180 2:11·

285 3235 343 3298 per
359 3236 375 3278 a
392 3217 485 3278 initio
507 3215 597 3277 effert
621 3207 789 3304 ‘Oputlmcr
810 3213 928 3305 δρυμός
949 3235 981 3281 et
1003 3221 1115 3286 diserte
1135 3219 1194 3282 lul.
1209 3211 1323 3280 Caesar

289 3318 322 3388 6,
344 3331 401 3398 atq.
424 3320 581 3387 adfirmat,
616 3319 658 3378 ita
688 3320 726 3380 ab
754 3323 958 3384 Eratosthene
981 3337 1014 3385 et
1038 3327 1106 3388 aliia
1131 3319 1329 3406 quibusnam·

289 3420 415 3482 Graecis
432 3420 593 3500 proditum
612 3416 710 3484 suilla.
745 3421 848 3485 Ostia
864 3425 983 3506 duplici
999 3425 1056 3490 hac
1071 3426 1216 3509 scriptura
1232 3421 1324 3484 d'Ot·

288 3523 365 3583 ville
380 3521 416 3580 ad
436 3519 600 3583 Chariton.
618 3530 653 3598 4,
672 3537 703 3593 7.
723 3543 753 3603 p.
771 3533 857 3604 t2t·
898 3527 991 3590 Solua'
1006 3549 1062 3612 per
1077 3548 1113 3600 α,
1138 3527 1157 3586 ll
1177 3523 1265 3586 lanua
1281 3521 1323 3584 eli

289 3625 388 3693 locus,
421 3623 523 3684 scribit
540 3625 694 3690 Aristotel.
717 3628 750 3689 in
766 3627 938 3692 Meteorol.
959 3651 986 3702 ι,
1008 3645 1063 3710 13.
1099 3629 1155 3691 ubi
1174 3615 1322 3714 'Apulum

292 3715 368 3809 ὅρη,
401 3739 436 3784 ut
457 3716 622 3811 Ἑρκύνιον
641 3720 914 3816 dpccStephauue
930 3731 962 3793 h.
980 3753 1013 3794 v.
1041 3749 1231 3814 quamquam
1251 3725 1321 3788 salso

292 3846 363 3889 curn
392 3843 516 3888 auctore
539 3831 680 3909 Etymol.
704 3833 750 3895 Μ.
776 3836 808 3894 in
833 3834 920 3895 ltalia
947 3835 1058 3917 pouit,
1090 3821 1243 3920 ‘Epuimta
1268 3819 1321 3913 io,

292 3940 366 3989 aute
381 3929 562 4015 Wclleliug.
579 3937 660 4014 apud
677 3938 810 4002 Diodor.
826 3947 860 4014 5.
877 3951 935 3999 at.
960 3935 1013 4019 qui
1031 3935 1167 3996 maxima
1179 3933 1321 4010 Europae

292 4026 388 4103 dicii,
413 4031 542 4094 notatae
563 4052 638 4102 tunc
655 4041 786 4124 quidem
803 4052 888 4103 recte
904 4057 921 4100 a
939 4037 1104 4102 Cluverio.
1137 4031 1321 4117 Hercynium
