2650 4896
285 411 349 474 διο
551 395 716 462 arom
756 395 1060 462 nxncurrcatt

288 593 363 638 cum
380 571 544 640 Armenii·
560 575 659 648 inire,
685 588 720 638 et
734 575 770 638 in
785 574 865 657 Cyri
878 574 1016 638 exercitu
1032 571 1183 646 militaret
1212 570 1302 637 Perire

289 679 387 742 etiam
401 679 513 740 olima
529 678 656 740 Graecia
669 677 838 761 Cephenet
853 691 982 740 votatoe
996 675 1074 748 elle.
1100 695 1140 738 ex
1156 675 1302 740 Herodoto

293 793 327 856 7,
344 779 403 842 or.
425 778 515 862 supra
536 781 659 843 notavi.
711 781 852 846 Addunt
873 799 987 862 porro.
1012 779 1098 861 quod
1114 775 1194 839 lama
1209 795 1304 860 propa·

291 882 397 963 gavit,
434 881 558 945 Noachi
581 901 684 944 arcam
704 877 739 944 in
760 883 934 947 Armeniae
955 881 1123 943 montibu·
1143 875 1303 942 conledillt.

291 982 383 1064 Quae
400 983 541 1064 quidem,
567 985 683 1046 additio
702 985 784 1056 aliia.
811 983 934 1068 prolixe
957 981 1186 1064 persequuntur
1197 977 1305 1042 smtoe·

291 1095 396 1146 tzerue
426 1086 461 1146 in
493 1085 721 1168 nepenorium
746 1083 798 1148 liir
821 1083 905 1148 Bibl.
931 1085 998 1146 und
1027 1077 1304 1168 Morgenlindilthe

292 1183 451 1252 Literatur
464 1187 561 1250 Tum.
579 1199 613 1264 8.
634 1207 666 1268 p.
687 1201 754 1264 113
767 1221 814 1236 -
829 1188 910 1261 176.
933 1201 966 1248 et
986 1186 1149 1247 Ditrrraruc
1170 1183 1244 1244 tibet
1261 1179 1305 1245 dat

292 1285 459 1348 Vaterland
477 1289 533 1348 der
550 1287 717 1350 Chaldtler.
735 1287 891 1366 (Berolini
911 1289 1015 1366 1736.
1033 1289 1083 1364 8.)
1118 1285 1221 1350 Aliam
1235 1282 1305 1344 vitu

291 1385 445 1470 ingrellnr
460 1389 504 1452 est
520 1391 703 1462 Michaelio,
728 1391 783 1473 qui
803 1393 837 1452 in
854 1389 1014 1476 spicilegio
1031 1385 1242 1472 Geographiae
1256 1383 1307 1443 lle·

292 1486 460 1554 braeorum
476 1505 599 1554 exterae
620 1492 657 1556 P.
674 1506 707 1554 a.
727 1513 759 1574 p.
779 1509 824 1568 77
843 1490 905 1574 [qq.
929 1487 1215 1574 septemtrionalem
1231 1481 1306 1548 Chal·

293 1589 403 1652 daeam
418 1593 458 1654 ad
482 1592 643 1666 Pontum,
669 1594 725 1654 nbi
742 1593 922 1674 Chalybes,
949 1592 1104 1657 Chaldaei
1124 1586 1220 1651 iidem
1235 1584 1306 1654 disti·

292 1691 333 1753 de
349 1693 465 1775 quoad
486 1713 515 1765 r.
536 1713 591 1774 ¹9·
607 1712 642 1774 9.
657 1715 764 1757 veram
779 1709 813 1759 et
827 1690 1073 1777 antiqniffimam
1090 1691 1219 1775 patalam
1232 1686 1309 1750 Clral·

292 1792 445 1858 daeorum
463 1795 674 1858 Orientalium
697 1795 786 1860 iuille
806 1796 927 1870 censen
961 1796 1068 1879 paullo
1090 1795 1163 1856 illoc
1177 1803 1245 1852 ante
1258 1785 1307 1848 Na·

292 1892 586 1960 bochodonolarem
609 1897 684 1962 inde
700 1897 851 1981 empille,
877 1913 911 1962 et
933 1896 1117 1979 Babylone,
1142 1891 1210 1977 poll
1228 1891 1307 1952 etiarn

291 1997 364 2060 Aba
381 2001 501 2080 potitor
516 2000 593 2071 elle.
620 2001 693 2082 quia
714 2002 864 2063 ieremias
883 2020 912 2072 r,
933 2009 988 2080 ¹4·
1010 2013 1043 2062 et
1059 1997 1137 2060 alibi
1158 1996 1245 2061 dicat,
1264 1991 1308 2050 Pa·

292 2097 462 2170 laellinam.
486 2119 504 2162 a
519 2097 744 2184 septemtrione
758 2117 874 2173 motor.
900 2100 1051 2172 invafille.
1077 2097 1168 2182 quod
1181 2097 1220 2156 de
1233 2089 1308 2155 Chal·

293 2199 379 2264 dacio
400 2202 437 2264 ad
460 2201 602 2264 Pontum
623 2205 719 2266 unice
737 2205 859 2278 valeat3
892 2221 989 2285 porro
1007 2201 1207 2281 Babylonem
1226 2192 1307 2254 aCtt·

292 2299 400 2365 lclritio
433 2305 596 2366 conditam
625 2307 782 2368 adfirmari
807 2304 921 2368 (deuel.
941 2322 996 2374 ro,
1019 2313 1054 2380 8.
1081 2321 1140 2366 to.
1168 2309 1306 2360 recentem

291 2417 483 2467 autemeam
500 2405 733 2471 Chaldaeorum
758 2409 792 2468 in
810 2407 944 2470 Oriente
960 2405 1122 2468 coloniam
1143 2401 1218 2468 effe.
1247 2390 1308 2456 dibi

270 2507 331 2566 'ex
354 2505 450 2570 lelaia
469 2521 528 2585 23.
556 2521 610 2586 13.
639 2516 693 2589 ¹4.
720 2527 794 2570 cum
817 2522 924 2572 tamen
939 2507 1090 2571 Chaldaei
1112 2493 1308 2568 omninoiue·

290 2607 357 2666 rint
382 2603 599 2688 arrtiquiss'rmi.
622 2605 759 2690 (leram.
780 2621 814 2686 5.
841 2603 919 2693 15.)
959 2609 1120 2671 Forlleruc
1146 2606 1180 2666 in
1202 2594 1308 2682 epistula

291 2704 430 2770 subnexa
450 2727 520 2790 pag.
538 2721 585 2787 95
604 2708 666 2790 qu.
687 2731 752 2774 uon
769 2708 939 2796 refragatur
954 2710 1103 2792 quidem.
1133 2705 1183 2769 led
1197 2701 1233 2766 ad
1246 2712 1308 2760 tem·

210 2885 213 2894 Ι
274 2803 367 2890 'pora
384 2808 479 2872 lllolie
494 2809 573 2871 circa
588 2811 738 2873 Exodum
754 2811 913 2874 coloniam
927 2811 1012 2872 illam
1029 2811 1144 2873 reiicit.
1185 2801 1306 2864 Maxime

290 2911 324 2971 id
340 2910 423 2972 mihi
442 2911 573 2991 quidem
594 2914 743 2976 evincere
758 2913 903 2984 videtur,
930 2913 1017 2994 quod
1037 2911 1078 2973 de
1099 2910 1172 2972 loco
1189 2899 1308 2984 eruptio·

289 3013 340 3076 uie
355 3015 389 3073 in
410 3011 614 3074 Palaestinam
636 3015 753 3075 adtulit
769 3015 951 3084 Michaelis.
984 3013 1040 3076 etlr
1056 3013 1125 3074 eiua
1141 3003 1308 3072 senteutiam

289 3113 463 3200 infringere
481 3111 655 3197 superiores
678 3118 783 3178 conati
804 3114 892 3187 lunt.
926 3127 959 3178 et
981 3113 1026 3176 lui
1048 3111 1204 3196 temporie
1225 3119 1307 3166 narra·

289 3219 395 3278 tionea
421 3213 543 3278 secutur
563 3215 606 3278 ell
624 3214 778 3298 lolephuc
796 3235 824 3280 c.
844 3215 866 3280 l.
892 3217 971 3278 dnm
989 3215 1120 3297 scripsit,
1147 3209 1235 3276 Semi
1253 3203 1308 3264 illut

289 3317 388 3387 filice,
426 3317 459 3377 in
489 3313 605 3398 quibu·
634 3316 858 3399 Arphachlad‚
895 3317 1003 3383 Altam
1033 3315 1071 3376 ab
1100 3315 1258 3396 Euphrate
1278 3300 1308 3363 etl

288 3417 437 3480 Indicum
456 3416 621 3482 Oceanum
643 3417 785 3483 tenuille.
836 3417 909 3482 Poll
929 3417 1113 3480 habitarunt
1128 3417 1162 3476 in
1180 3406 1307 3486 Melopl·

287 3520 402 3590 remia.
428 3532 460 3584 et
481 3518 557 3582 inde
574 3521 608 3578 in
626 3519 821 3600 Babylonia.
848 3518 937 3602 supra
951 3539 1046 3601 quam
1063 3518 1158 3602 ponit
1174 3505 1306 3592 telepho

288 3621 412 3702 antiqu.
440 3619 511 3684 lud.
532 3637 563 3690 t.
586 3635 618 3696 7.
637 3619 709 3698 La.
727 3619 749 3683 f.
783 3640 857 3682 cum
883 3621 1060 3686 Ammiano
1085 3633 1143 3696 23.
1169 3618 1203 3680 6.
1248 3605 1304 3670 Vid·

286 3719 434 3786 Perizon.
452 3741 480 3785 c.
495 3721 517 3784 l.
569 3709 616 3783 lta
639 3723 674 3782 ln
696 3721 871 3801 Babylonia
893 3723 1039 3784 conlocat
1060 3719 1194 3782 Diodor.
1212 3731 1243 3784 Ω,
1257 3723 1303 3784 2⁹·

291 3835 430 3900 15.5o.
463 3835 496 3885 et
525 3821 560 3884 in
586 3824 684 3908 priori
710 3823 781 3885 loco
807 3817 1041 3903 autiquiffimoe
1072 3817 1304 3898 Babyloniorum

284 3937 380 3988 vocat
393 3924 579 3990 Chaldaeot.
610 3923 778 3987 lncoluille
794 3943 864 3988 eam
880 3923 1076 4002 Babyloniae
1093 3933 1224 4003 partem.
1240 3923 1304 3996 qual

285 4027 486 4090 contermina
500 4037 565 4087 erat
579 4025 715 4091 Arabiae
730 4040 763 4088 et
779 4025 857 4087 mari
874 4025 1007 4096 Persrco⁹
1028 4021 1124 4086 refert
1135 4018 1244 4083 Strabo
1260 4011 1304 4073 ιδ·

283 4149 316 4216 p.
334 4141 420 4213 509.
446 4125 469 4194 l.
488 4139 572 4212 759.
613 4124 666 4195 cf.
685 4126 782 4195 etlam
799 4127 945 4217 vitriuge
968 4126 1003 4192 iu
1026 4121 1156 4190 lelaiam
1175 4137 1238 4206 cap·
1258 4124 1302 4194 ¹5·
