2696 4896
295 427 357 491 ²78
562 411 723 474 riom
764 409 1070 472 nxncnttcta

297 595 403 656 itiner.
428 608 499 674 pag.
518 596 603 667 4⁰8·
642 585 834 650 Conditoree
857 588 890 649 in
912 589 1026 673 primia
1043 586 1112 651 rem
1135 589 1310 655 confirmant.

297 695 407 779 Quem
425 693 522 777 igitur
544 689 628 751 Mela
649 702 743 750 vocet
762 689 933 755 Herculem
953 691 1166 776 Aegyptium.
1193 690 1311 756 direrlue

298 813 367 864 non
391 794 554 855 videtote
574 791 769 861 Phoenicio,
803 793 850 852 uti
874 805 907 853 et
928 791 1087 854 exiliimat
1106 791 1310 857 noctanter.

299 898 375 960 licet
392 893 521 978 proprie
538 891 685 954 differant
700 905 733 956 et
747 892 786 954 ab
804 891 984 955 auctoribus
1002 892 1207 962 secernantur.
1231 895 1311 956 relutl

302 998 460 1064 Cicerone
479 996 521 1055 de
543 1008 606 1056 nat
624 996 721 1058 Deor.
741 1007 774 1070 5,
797 993 851 1056 ι6.
875 995 1017 1077 alileque.
1070 994 1227 1056 Phoenice
1244 996 1312 1058 hunc

302 1113 456 1184 regnante
470 1093 594 1166 vieille,
620 1091 717 1156 refert
731 1094 940 1178 Palaephatus
957 1097 970 1172 (
979 1093 1103 1178 lpuriue
1120 1096 1171 1156 ille
1185 1096 1312 1176 quidem)

187 1247 201 1260 .
303 1215 362 1281 5ο,
380 1219 409 1262 t.
434 1197 556 1260 Minoia
571 1209 715 1279 tempore
726 1196 838 1258 Suldaa
855 1195 875 1259 l.
891 1218 924 1260 v.
937 1193 1116 1284 Ἡρακλῆς.
1145 1198 1312 1281 Aegyptium

305 1316 411 1366 tamen
435 1319 511 1362 eum
535 1296 609 1360 lecit
636 1297 734 1360 Faber
761 1299 794 1359 in
818 1297 963 1361 Semellr.
989 1311 1024 1376 5,
1047 1309 1083 1380 lp.
1103 1317 1172 1382 pag.
1191 1312 1243 1377 59.
1270 1297 1312 1358 etl

303 1402 499 1487 Aegyptium
516 1397 675 1460 diaerlurn
697 1397 769 1461 lacit
790 1398 829 1461 ab
845 1419 900 1471 eo,
929 1418 1026 1482 quem
1049 1400 1141 1476 Tyrii
1163 1400 1311 1468 coluerunt,

303 1503 418 1570 Cicero
439 1503 480 1564 de
498 1499 541 1566 tt.
557 1502 598 1562 D.
619 1517 651 1584 3,
675 1501 728 1564 16.
751 1513 784 1562 et
804 1499 924 1565 Arnob.
941 1513 976 1580 4.
999 1519 1034 1585 p.
1051 1519 1096 1564 m.
1120 1511 1176 1578 8⁰·
1203 1519 1266 1561 cunr
1283 1517 1312 1561 ex

301 1601 527 1669 vetustioribne
557 1601 736 1665 auctoribua
766 1603 976 1688 intelligatur,
1007 1622 1105 1673 eum,
1130 1621 1221 1684 quern
1242 1599 1312 1680 'lydi

303 1707 489 1774 coluerunt.
525 1719 600 1764 vere
632 1700 722 1764 inille
747 1704 957 1787 Aegyptium,
991 1704 1039 1764 uti
1066 1703 1211 1765 evincere
1233 1702 1313 1764 [luto

302 1807 413 1872 Faber.
463 1805 631 1892 Quidquid
654 1803 714 1875 eti,
748 1803 894 1887 frequens
912 1805 1042 1886 adparet
1065 1805 1124 1866 hnc
1142 1801 1269 1864 decania
1287 1803 1312 1861 in

301 1910 411 1974 nomia
427 1907 572 1969 Herculio
587 1907 715 1991 imago,
739 1907 786 1966 oti
803 1907 919 1969 docent
934 1904 1054 1969 llalche
1069 1907 1104 1966 in
1119 1905 1229 1967 Lexico
1241 1921 1312 1964 num.

303 2009 344 2074 T.
363 2023 395 2072 ο.
418 2007 456 2070 P.
479 2031 509 2070 1.
532 2027 605 2091 pag.
624 2018 718 2086 1255
733 2005 796 2089 qu.
819 2022 852 2068 et
868 2005 994 2070 Eclthel
1011 2004 1048 2068 in
1068 2007 1208 2069 doctrina
1223 2021 1314 2066 nomo·

302 2130 377 2173 rum
397 2109 435 2170 P.
456 2125 486 2172 ι.
510 2108 581 2170 Vol.
604 2128 635 2172 r.
660 2129 692 2190 p.
716 2127 771 2189 ¹9·
807 2108 899 2170 Idem
914 2109 948 2170 in
964 2110 1119 2174 Hadriani
1133 2109 1233 2170 nouit
1250 2105 1312 2168 Her·

302 2209 390 2274 culee
406 2208 581 2270 Gaditanne
597 2223 740 2274 vocatur.

378 2409 575 2506 inlustre)
612 2409 719 2496 Auget
740 2410 929 2475 celebritatis
946 2411 1068 2474 lenium
1088 2410 1245 2473 cumulatio
1260 2405 1312 2468 tuo

303 2511 466 2585 stendale,
496 2527 635 2595 quorum
651 2513 738 2574 allud
759 2515 844 2576 aliud
864 2514 928 2578 fine
947 2533 1035 2577 mota
1052 2516 1162 2576 trudit.

374 2715 492 2798 queis
518 2725 717 2776 monet-
724 2714 743 2797 )
791 2717 842 2779 De
866 2716 929 2778 loci
956 2717 1167 2799 explicatione
1189 2726 1221 2776 et
1243 2704 1311 2770 lenio

302 2813 500 2898 dleputaturn
519 2815 562 2879 eil
582 2816 617 2876 in
631 2830 700 2880 not.
721 2817 789 2879 crit.
812 2837 845 2899 p.
866 2827 938 2899 154
954 2816 997 2900 tq.
1040 2815 1174 2879 lacobue
1189 2813 1310 2876 Gronov.

303 2917 341 2977 ad
358 2917 477 2979 Arrian.
494 2915 536 2978 de
557 2920 672 2999 exped.
693 2917 783 2980 Alex.
801 2931 834 2989 ο,
857 2919 911 2982 ι6.
928 2919 972 2982 in.
993 2919 1145 2998 explicare
1174 2915 1258 2976 certia
1271 2927 1311 2969 rn-

301 3016 447 3088 nrlibue.
473 3018 559 3099 quod
583 3019 666 3100 apud
683 3018 829 3084 strabon.
850 3038 880 3082 a.
902 3040 935 3102 p.
949 3033 1008 3098 39.
1027 3017 1048 3080 l.
1068 3021 1128 3097 56.
1150 3016 1185 3078 lit
1205 3009 1233 3078 ἐν
1249 3000 1311 3096 χρὲ1

302 3137 366 3193 νοις
385 3115 689 3206 μνημονευομένας,
715 3121 766 3181 nti
783 3122 918 3183 omnino
940 3139 994 3190 ea,
1021 3139 1102 3200 quae
1123 3114 1262 3180 memoria
1275 3125 1311 3168 re·

302 3220 366 3280 coli
386 3219 531 3302 poliunt,
563 3221 688 3301 dequo
709 3221 854 3304 exempla
874 3222 933 3282 alia
955 3221 1082 3282 adtulit.
1146 3217 1206 3280 Hic
1224 3223 1311 3275 autem

301 3319 373 3380 vtrlt
390 3319 474 3382 Mela
498 3321 652 3383 omninot
687 3323 862 3404 Templum
883 3321 926 3384 ell
943 3315 1186 3387 vertdliifimnm
1202 3330 1233 3378 et
1246 3313 1310 3372 Tro

301 3419 374 3482 leno
390 3420 476 3483 bello
497 3423 673 3503 antiquins,
700 3435 773 3484 ante
789 3425 876 3504 qnod
899 3424 1011 3485 incerti
1030 3420 1102 3482 lunt
1118 3421 1191 3482 anni
1209 3427 1310 3494 tempo·

299 3539 434 3602 rumque
459 3523 552 3585 ratio.
602 3521 654 3585 Ad
677 3535 822 3607 tempora
855 3521 965 3587 loluae
996 3521 1093 3587 refert
1121 3520 1259 3584 Bochart.
1283 3514 1310 3571 in

297 3619 450 3686 chanaan
470 3643 499 3694 a.
518 3631 577 3704 54.

449 3825 478 3902 §-
507 3839 540 3888 ο.
591 3823 808 3907 Erythia)
848 3823 903 3887 Gr.
927 3819 1091 3913 Ἐρύθεια.
1125 3821 1307 3904 Erythran·

299 3939 375 3982 naen
388 3921 478 3986 dedit
488 3923 677 3990 Wernedorl
688 3927 722 3986 in
733 3927 848 3987 Avieni
862 3945 915 3988 ora
929 3947 960 3988 r.
974 3941 1058 4007 509.
1078 3940 1111 3989 et
1127 3922 1307 4003 descript.-

296 4039 330 4084 v.
347 4037 432 4102 759.
464 4025 520 4086 ubi
543 4027 665 4108 prolixe
690 4025 880 4089 Schraderne
904 4027 1032 4099 docuit,
1061 4029 1190 4088 nomina
1213 4014 1304 4082 onir

295 4141 345 4188 aro
370 4123 482 4191 latine
502 4145 560 4212 per
580 4148 619 4191 ee
641 4127 748 4212 potine
765 4127 923 4202 efferenda
940 4127 999 4194 elle
1017 4149 1056 4193 ex
1074 4117 1305 4212 inscriptionibus
