2650 4896
261 345 323 424 0⁶4
525 346 684 407 ttorttt
726 344 1025 406 exaerrrcte

267 519 407 586 tuditem
421 517 496 584 iecit
511 521 598 598 aot.
613 521 652 586 tt
672 522 846 584 man
862 535 922 592 uo.
943 519 1160 588 einiudirrem
1183 515 1241 580 ubi
1253 539 1307 582 ce·

267 617 442 714 dofiffimus
458 619 522 715 est,
551 641 620 687 too
640 621 767 702 perirent.
816 623 906 686 Alina
928 624 1004 685 vide
1024 624 1112 706 apud
1140 620 1306 683 Freinshe-

269 727 373 788 tttiuru
389 723 428 784 ad
442 723 592 788 Curtium
606 741 642 802 9,
656 739 691 794 Ω,
707 740 742 788 2.
766 723 884 806 quibua
901 721 990 787 facile
1004 725 1078 786 eddi
1091 723 1151 784 aiii
1172 721 1307 804 poffunt.

270 839 311 888 nt
333 823 532 908 Agatheuter.
551 839 584 896 o.
605 841 640 895 o,
669 843 725 889 ιο.
763 824 901 888 Euiiatit.
923 826 962 887 ed
987 823 1125 905 Dionyt
1147 844 1182 884 r.
1206 831 1307 901 1144.

272 926 311 987 in
335 943 422 986 mare
442 923 575 987 rubrum
597 942 672 988 eurn
693 927 822 990 deducit
838 927 969 990 Curtiut
983 938 1018 1003 3.
1034 945 1068 1007 9,
1081 928 1120 992 6.
1149 922 1223 986 [tue
1238 941 1307 986 con·

272 1023 381 1109 ipicuo
395 1042 517 1098 errore,
549 1027 636 1108 quod
658 1028 732 1088 iicet
756 1028 981 1109 aquibuedent
997 1029 1089 1090 latiur
1110 1025 1307 1096 extendetur.

272 1127 320 1186 uti
343 1125 454 1188 docuit
475 1127 509 1188 iu
535 1127 727 1191 admirandis
746 1145 775 1200 t.
798 1141 831 1208 5.
852 1129 991 1212 lupone,
1022 1131 1061 1189 ed
1087 1147 1169 1190 vere
1195 1125 1308 1208 (iungit

273 1223 348 1288 ostia
364 1227 506 1308 permitti
522 1241 626 1290 tamen
648 1247 716 1292 non
732 1229 844 1311 poteii.
894 1231 1067 1292 Excorrere
1081 1230 1179 1291 enim
1196 1223 1308 1288 constet

272 1329 308 1390 iu
325 1325 535 1412 Gangeticunt
553 1327 670 1400 iiuum,
696 1330 755 1392 nbi
768 1331 874 1392 Eoum
896 1350 982 1393 nure
996 1349 1069 1392 com
1085 1329 1207 1392 iudico
1228 1345 1308 1388 cont·

274 1429 425 1491 mittitur.
477 1429 562 1492 Hinc
582 1428 699 1494 drien.
721 1433 756 1493 in
782 1431 907 1514 Perieg.
927 1450 959 1494 r.
982 1445 1089 1510 1339.
1114 1429 1248 1508 Ganges
1262 1423 1307 1517 fit

273 1529 360 1592 limes
374 1520 490 1620 cespiti
497 1531 580 1593 an.
614 1531 699 1592 Hinc
709 1533 805 1593 etiem
814 1532 1013 1616 Agathetrter.
1027 1549 1059 1602 o.
1076 1551 1134 1594 ιο.
1149 1530 1192 1590 de
1202 1528 1306 1610 Gange

275 1645 308 1696 et
328 1629 428 1692 indo:
461 1625 637 1696 ἐκδιδόασιν
658 1623 710 1696 ἐπὶ
732 1627 792 1719 τὴν
813 1628 894 1720 eade
913 1625 1010 1696 νότον
1028 1626 1224 1698 θάλασσαν.
1271 1629 1305 1690 lu

277 1729 362 1794 ostiir
373 1731 549 1815 diecreprnt
565 1746 697 1804 veteres,
711 1747 755 1804 ct,
773 1732 792 1792 st
807 1747 893 1796 recte
906 1733 1035 1796 Serriue
1051 1735 1090 1794 ad
1107 1734 1191 1794 Aen.
1202 1747 1237 1808 9.
1253 1741 1304 1806 30.

277 1831 402 1904 retulit,
427 1847 461 1896 et
480 1853 538 1916 pro
553 1833 711 1896 Melonem
731 1833 904 1919 legendum
919 1833 973 1904 eii,
996 1833 1221 1898 consentiente
1234 1827 1303 1890 Bur·

276 1951 396 1996 manno
406 1947 438 1998 et
451 1934 529 2004 adiit,
545 1934 676 2007 Melam,
693 1935 804 1997 Noster
817 1954 884 1997 non
898 1937 1034 1998 omnino
1049 1933 1170 2016 septem
1186 1949 1240 1992 ore
1255 1947 1304 1990 nu·

275 2047 393 2104 meret.
421 2034 471 2096 ied
491 2047 653 2114 5t2nturn
674 2036 782 2098 sirene
806 2035 921 2099 haben
942 2037 1141 2098 exitiorum
1164 2033 1302 2092 namtio·

276 2133 373 2195 nibnt
393 2135 531 2208 ndttidit,
563 2137 643 2198 edeo
664 2151 702 2198 ut
722 2138 754 2198 in
771 2137 1004 2199 recenfionibtte
1024 2136 1137 2198 nostrie
1155 2131 1302 2214 quaedem

277 2233 388 2298 detur.
441 2237 488 2298 itt
514 2254 591 2301 voro
623 2233 701 2324 μίαν
728 2233 869 2322 ἐκβολὴν
900 2237 947 2299 illi
975 2237 1086 2300 tribuit
1111 2235 1226 2298 Strabo
1251 2240 1299 2306 15.

277 2353 349 2417 pag.
363 2345 448 2415 475.
467 2337 489 2400 1.
505 2339 589 2418 690.
617 2339 866 2413 Ptolemaeum,
886 2358 916 2401 1.
937 2338 1076 2402 recenset
1093 2339 1247 2420 quinque.
1267 2348 1300 2390 εἰ

278 2437 376 2506 vitio.
405 2439 491 2518 qnod
516 2438 636 2522 irrepsit
656 2441 689 2500 in
708 2440 808 2500 Bertii
829 2439 968 2500 tabulam
993 2439 1077 2502 ditae
1101 2461 1157 2500 tt.
1185 2436 1298 2498 adiecto

278 2535 514 2620 Tilogratnrno.
541 2542 685 2610 civitate,
710 2542 732 2604 6
755 2554 971 2604 numerantur.
1018 2541 1180 2624 Quintum
1201 2532 1299 2598 adfert.

278 2634 456 2709 Antihoien.
473 2641 569 2702 etiarn
584 2641 733 2704 Marcian.
743 2641 865 2703 Heracl.
880 2661 912 2722 p.
922 2655 982 2720 29.
997 2639 1097 2704 Hudi.
1125 2636 1298 2703 Secundum

278 2737 463 2800 Boccttium
486 2741 526 2803 de
549 2741 735 2803 ssttruinibttt
756 2740 789 2804 h.
812 2761 843 2804 v.
867 2741 920 2802 ttiii
941 2741 1123 2804 habuerunt
1140 2756 1179 2816 7,
1206 2737 1256 2800 tiii
1270 2749 1299 2810 99

279 2838 332 2898 elii
351 2851 371 2918 3
395 2853 529 2905 tantum.
579 2842 806 2905 Tieffenthaler
820 2861 846 2904 c.
862 2843 883 2904 1.
903 2844 973 2906 vot.
989 2858 1022 2907 u.
1038 2865 1072 2926 p.
1091 2859 1177 2921 119.
1193 2837 1238 2899 itti
1253 2831 1297 2894 tri·

277 2937 350 3000 buit
373 2959 412 3004 tt
439 2957 551 3026 magna
575 2944 648 3005 ostia
671 2956 704 3004 et
727 2943 903 3006 interiectae
929 2944 990 3006 iilic
1014 2957 1060 3023 33
1084 2941 1209 3004 intutae.
1257 2935 1298 2996 Dt

278 3037 368 3102 cursu
388 3040 455 3104 eine
477 3042 582 3105 verint
603 3043 768 3105 meridiem
790 3041 836 3104 ibi
857 3043 976 3108 adnexa
997 3045 1041 3108 est
1062 3063 1176 3128 magna
1195 3035 1296 3102 tabuit·

279 3139 376 3224 Quod
392 3143 429 3204 td
448 3159 467 3216 7
486 3143 558 3206 ostia
582 3143 721 3206 referunt
747 3144 833 3229 Virg.
851 3145 929 3210 den.
947 3163 981 3226 9,
1006 3159 1064 3224 3⁰·
1086 3145 1161 3207 nbi:
1186 3131 1297 3233 sapim

270 3233 408 3332 surgens
426 3241 571 3306 amnibus
587 3245 736 3306 altus-
757 3245 895 3326 Ganges,
923 3261 989 3307 non
1006 3245 1086 3306 bene
1105 3244 1221 3306 facturn
1238 3253 1296 3299 tuo·

278 3354 335 3404 net
351 3342 463 3421 Heyne
485 3359 614 3428 propter
628 3345 761 3408 verbum
770 3337 922 3436 surgens,
947 3346 1030 3428 quod
1047 3347 1084 3407 ad
1100 3344 1222 3408 fontem
1238 3353 1295 3420 per·

277 3443 369 3514 tinet,
391 3445 444 3506 vet
462 3445 558 3508 etiam
579 3447 695 3508 alveos.
736 3447 814 3508 inde
832 3463 908 3510 vero
926 3448 1013 3510 India
1033 3445 1131 3509 divisa
1147 3447 1191 3509 est
1206 3444 1237 3502 in
1251 3439 1292 3498 ln·

278 3543 364 3628 diam
381 3547 466 3606 iutra
487 3558 519 3608 et
534 3560 627 3608 extra
641 3548 789 3628 Gangen.
817 3563 854 3608 ut
869 3545 944 3610 iecit
956 3549 1170 3612 Ptolomaeus.
1221 3535 1291 3603 Diti

277 3645 374 3708 etiam
391 3646 466 3708 inde
481 3647 602 3709 accolae
622 3645 826 3729 Gangaridae
842 3647 864 3712 i.
884 3637 1096 3729 Gangarida,
1121 3668 1178 3729 pro
1194 3639 1290 3726 quibu

276 3744 311 3804 in
329 3747 396 3808 aliie
412 3745 528 3832 legitur
547 3747 761 3820 Gandaridae,
785 3762 823 3810 ut
838 3749 936 3811 Diod.
953 3750 1012 3812 Sic.
1031 3763 1064 3819 o.
1082 3763 1139 3829 37.
1171 3761 1221 3820 17·
1242 3749 1288 3818 93·

275 3843 435 3910 Plutarch.
459 3850 489 3908 in
511 3850 597 3911 Alex.
618 3857 683 3932 capt
702 3849 760 3914 62.
794 3849 881 3914 unde
904 3845 1099 3937 Γανδαρῖτις
1120 3847 1227 3911 Strabo
1247 3849 1289 3914 ¹5·

275 3963 347 4031 pig.
365 3954 450 4029 479.
468 3947 487 4010 i.
506 3951 590 4030 697.
611 3964 641 4014 et
661 3949 727 4033 post
742 3949 873 4029 otonyt.
890 3971 923 4015 v.
946 3959 1050 4031 1144.
1068 3951 1165 4014 etiam
1181 3947 1289 4030 Γαργα·

277 4039 371 4132 ρι’ὃαι.
416 4047 593 4114 Contendit
617 4061 723 4116 tamen
745 4050 910 4117 Salmatiut
927 4055 963 4115 in
981 4052 1083 4116 Sotin.
1106 4073 1138 4137 p.
1159 4045 1288 4122 1116911·
