2696 4896
251 425 312 492 rpe
518 413 677 474 NOTAE
720 413 1017 472 axooa‘ncan

249 588 319 673 Iple
334 588 465 670 quidem
482 588 516 648 H
532 607 609 651 vero
625 587 726 650 limile
742 601 843 671 putat,
865 585 954 651 inille
971 589 1072 652 lndoe
1086 603 1302 663 mercatorer,

249 694 304 774 qui
330 691 408 750 dum
436 704 628 752 mercaturae
655 687 742 752 caula
766 691 799 750 in
827 689 940 752 lnrlico
972 691 1052 752 mari
1082 692 1302 777 navigabant.

204 871 207 878 .
250 790 488 876 tempestatibus
515 805 601 853 actor
623 791 729 854 verlue
752 789 1011 874 septemtrionem
1033 793 1073 854 ad
1098 793 1302 856 Germaniae

249 896 380 958 tandem
404 894 497 954 litora
525 892 672 976 adpulloe
692 891 791 956 inille.
852 895 950 978 Quod
974 895 1107 976 quidem
1133 897 1211 958 inde
1238 895 1300 958 arl-

249 994 358 1066 struit,
382 995 470 1075 quod
487 993 571 1056 Mela
587 999 634 1074 (5,
653 1011 686 1070 7.
704 995 752 1072 5.)
774 1007 864 1056 arras
878 1008 987 1075 gentes
1000 1009 1033 1058 et
1053 995 1299 1080 quodammodo

247 1097 420 1176 Aethiopas
445 1108 556 1169 vocet,
589 1098 717 1159 conlato
740 1096 893 1158 Strabone
915 1109 969 1174 15.
991 1117 1022 1178 p.
1041 1099 1126 1177 696.
1148 1112 1183 1161 et
1199 1099 1297 1176 696.

250 1192 294 1285 [l.
315 1219 381 1282 pag.
401 1206 486 1278 475.
501 1210 535 1259 et
556 1191 663 1285 479.]
685 1211 718 1260 et
734 1199 838 1260 Plinio
857 1199 889 1268 6.
914 1216 969 1277 ¹9·
992 1191 1034 1284 [l.
1054 1195 1135 1289 om]
1188 1200 1298 1262 Ridet

249 1301 338 1362 idem
371 1300 547 1370 Huetium‚
589 1301 643 1380 qui
672 1299 743 1363 hill.
781 1299 825 1360 du
859 1317 1038 1364 commerce
1061 1336 1113 1348 —
1137 1321 1206 1384 cap.
1227 1311 1296 1380 52.

248 1421 320 1486 pcg.
338 1409 429 1479 351.
447 1399 652 1485 Norwegioe,
680 1397 756 1489 [vel
778 1385 964 1488 La'pponee]
990 1417 1023 1464 et
1048 1399 1210 1475 Vollium,
1234 1403 1298 1484 qui

249 1503 420 1565 Britannos
436 1503 539 1584 pictos
557 1515 720 1585 putarunt.
757 1503 854 1586 Quod
871 1502 1022 1566 Schottoe
1037 1505 1180 1577 notarit,
1205 1505 1297 1568 Stra·

248 1603 370 1668 bouem
392 1603 448 1666 lib.
475 1621 508 1667 6.
532 1599 584 1692 [p.
603 1605 661 1679 67.
683 1602 705 1667 l.
724 1599 806 1692 98.]
829 1622 896 1665 nou
922 1605 1083 1668 credidille
1106 1606 1295 1678 Herodoto,

251 1702 306 1794 [4.
328 1698 411 1791 om]
435 1707 595 1766 Heraclidi
620 1707 775 1776 Pontico,
807 1719 840 1768 et
858 1705 1030 1768 Pofidcnto
1050 1709 1179 1779 eadem,
1207 1728 1295 1790 quae

249 1807 288 1871 C.
309 1807 436 1890 Nepos.
463 1807 717 1879 arliumaotibue.
743 1809 781 1869 erl
811 1807 893 1868 hanc
916 1808 1132 1889 quaestionem
1156 1812 1294 1892 proprie

249 1908 359 1972 referri
380 1929 446 1971 nou
469 1909 587 1992 potest.
618 1910 705 1991 quod
727 1929 762 1970 ea
785 1907 924 1990 spectant
944 1911 1182 1994 navigationem
1206 1913 1296 1974 circa

249 2010 387 2078 Africam
408 2025 442 2072 et
463 2030 519 2092 per
543 2011 691 2072 Indicum
713 2011 895 2080 Oceanum,
930 2013 969 2072 de
994 2031 1054 2094 qua
1076 2011 1178 2074 noller
1204 2010 1295 2075 inire

250 2113 386 2194 exponit
409 2131 476 2194 cap.
494 2129 529 2190 9.
582 2107 646 2173 Ero
668 2112 756 2174 enim
778 2113 812 2172 in
834 2111 1000 2175 Herodoto
1031 2112 1294 2196 septemtrionale

251 2232 337 2276 mare
364 2227 651 2284 commemoratur,
679 2215 721 2277 iea
740 2225 846 2274 tamen
870 2232 983 2276 vocare
1006 2213 1084 2277 lolet
1105 2216 1295 2278 mediterra-

250 2334 368 2384 neum,
394 2333 453 2395 qua
471 2330 559 2395 parte
574 2315 757 2399 Aegyptum
775 2316 890 2384 adluit,
914 2316 961 2375 uti
979 2335 1080 2378 nexue
1094 2317 1198 2380 docet.
1234 2315 1292 2381 cf.

250 2419 348 2478 etiam
371 2413 543 2500 Welleliog
560 2417 599 2477 acl
621 2426 656 2495 4,
685 2431 739 2496 13.
800 2415 883 2477 Mela
908 2417 996 2478 enim
1020 2419 1113 2478 unice
1135 2419 1292 2499 disputat,

249 2537 290 2580 au
318 2517 397 2578 ultra
429 2516 580 2602 Caspium
621 2517 721 2579 finum
756 2518 901 2579 Oceanus
934 2520 1157 2588 continuetur.
1192 2535 1294 2600 atque

250 2632 385 2682 tractum
418 2620 508 2680 illorn
536 2619 630 2681 maria
655 2619 821 2702 intelligit,
858 2619 914 2701 qui
938 2619 976 2680 ab
1004 2619 1094 2680 India
1119 2632 1208 2701 patet
1232 2641 1295 2702 per

250 2741 337 2784 mare
365 2718 490 2782 boreale
520 2721 557 2782 ad
588 2720 807 2791 Germaniam,
842 2719 928 2800 quod
957 2739 1033 2781 cum
1055 2721 1203 2803 exemplo
1225 2721 1295 2783 hoe

139 2809 144 2820 ⁸
251 2824 393 2884 evictum
417 2820 477 2884 elle
496 2834 530 2884 et
550 2820 719 2904 probatum
744 2836 851 2904 puter,
884 2819 1062 2906 subiungit,
1096 2819 1195 2914 restat
1215 2843 1297 2905 ergo

249 2923 390 3006 pelagus.

326 3122 465 3208 rege)
516 3125 593 3188 Non
618 3127 725 3188 minor
745 3125 798 3187 hic
819 3127 954 3208 quaestio
976 3139 1141 3188 exercetur
1160 3125 1201 3188 cle
1224 3125 1296 3190 hoe

199 3277 202 3288 .
251 3247 337 3312 rege.
380 3226 579 3310 Stralenberg
605 3247 676 3311 pag.
700 3243 759 3306 97.
792 3247 871 3291 rot.
907 3247 1001 3308 quem
1031 3241 1188 3290 memorat
1215 3229 1294 3290 Pel·

251 3329 369 3392 loutier
394 3331 475 3407 (viri.
495 3326 588 3404 inira)
614 3330 790 3399 contendit,
817 3326 904 3391 soille
931 3330 1153 3400 Liutlormum‚
1178 3348 1295 3414 regem

254 3431 457 3500 Gothorum,
483 3449 579 3509 qoem
595 3443 702 3490 tamen
719 3445 865 3492 veterum
887 3432 991 3491 nullur
1012 3433 1115 3492 novit.
1158 3431 1294 3492 liventi·

252 3552 313 3594 nus
336 3534 369 3592 in
392 3531 565 3592 Annalibor
588 3529 743 3592 Boiorum
772 3533 826 3592 lib.
846 3546 878 3592 o.
903 3551 935 3612 p.
960 3546 1042 3609 679.
1067 3533 1118 3594 ed.
1142 3531 1295 3597 d’Allem.

260 3636 364 3697 1622.
398 3632 515 3703 credit,
552 3631 786 3694 Maroboduum
824 3629 927 3702 soille,
947 3633 1053 3694 cuiue
1086 3635 1293 3696 mentionem

254 3731 502 3822 iociuantrabo
521 3747 553 3808 7.
578 3753 607 3814 p.
629 3750 713 3795 201.
732 3731 752 3794 l.
770 3749 855 3812 290.
890 3733 1026 3793 Velleius
1046 3745 1113 3810 10ss
1130 3733 1172 3816 lq.
1201 3735 1295 3796 Taci-

254 3848 306 3896 tue
322 3835 434 3897 Annal.
450 3851 482 3906 o,
501 3835 559 3898 66.
583 3848 617 3894 et
634 3833 719 3896 alibi.
767 3834 861 3896 Atlio
881 3845 1021 3915 tempora
1038 3837 1163 3920 egregie
1184 3835 1294 3898 turbat

255 3949 289 3998 et
311 3934 429 3998 milcet.
484 3935 610 4018 Nempe
639 3934 851 3998 Maroboduus
878 3936 932 3995 diu
961 3933 1029 4017 poll
1051 3936 1093 4019 Q.
1122 3937 1293 4000 llletellum

256 4036 401 4100 Celerem
415 4039 506 4102 vixit.
540 4039 725 4108 Pellourier‚
749 4037 830 4116 (vid.
845 4056 872 4098 c.
889 4037 911 4099 l.
931 4057 965 4118 p.
982 4049 1044 4113 ¹8¹
1066 4036 1121 4119 lq.)
1144 4041 1200 4118 qui
1221 4037 1295 4099 Sne·

256 4158 367 4206 vorum
383 4157 458 4200 cum
475 4139 581 4203 Plinio
597 4140 691 4224 legit,
717 4137 912 4204 Ariovistum
935 4138 1070 4224 intelligi
1090 4137 1175 4222 polle
1191 4152 1297 4222 putat.
