2748 4888
304 446 347 514 66
575 447 737 510 Nom
777 451 1083 510 EXEGETIGAE

309 630 346 692 in
367 643 449 690 voce
472 621 598 688 Arnen.
646 626 687 688 At
709 625 752 688 ita
771 627 898 712 egregie
917 625 1042 692 errallet
1065 625 1165 699 Mela.
1197 625 1262 690 nili
1293 629 1368 711 quia

310 729 393 792 velit
414 745 487 789 curn
511 726 680 789 Harduino
700 728 739 790 atl
759 729 842 791 Plin.
858 739 893 808 4,
912 743 970 808 31.
990 728 1012 794 l.
1034 745 1089 807 17.
1111 731 1259 816 Ligerim
1282 733 1368 794 circa

312 829 389 896 ostia
404 829 598 890 Garumnam
614 829 693 889 olim
713 829 752 890 ab
767 831 880 895 aetolia
897 828 986 896 fntffe
1001 833 1196 902 vocitatum,
1223 846 1263 893 et
1285 833 1368 894 hine

312 931 433 995 Melam
448 931 589 992 nomini·
599 930 981 1014 similitudinedeceptum
998 945 1170 1015 utrumque
1185 931 1364 996 milcuille.

313 1033 359 1098 At
381 1029 421 1095 el.
445 1049 524 1114 quae
546 1044 657 1091 contra
682 1051 757 1093 eum
781 1030 926 1094 disseruit
945 1033 1107 1096 d'Anville
1127 1056 1160 1117 p.
1177 1045 1267 1112 341.
1289 1035 1364 1098 c.l.

313 1134 379 1200 Alii
400 1133 499 1218 vulgo
522 1128 688 1214 scopulum
710 1145 841 1216 putant.
874 1135 926 1196 eui
951 1136 1095 1219 imposita
1117 1135 1160 1196 ell
1180 1135 1312 1198 Pharna
1333 1149 1367 1198 et

315 1236 427 1307 turris,
452 1252 546 1316 quarn
567 1231 606 1294 de
624 1233 689 1298 Cor
706 1233 793 1296 duan
807 1248 935 1299 vocant.
973 1237 1080 1320 Quam
1103 1234 1301 1298 sententiam
1318 1255 1367 1299 re·

316 1335 436 1399 futavit
456 1333 618 1398 d’Anville
638 1355 669 1416 p.
688 1349 746 1412 7⁰·
761 1333 782 1398 l.
807 1335 862 1397 ulti
879 1337 1031 1418 prolixiue
1050 1339 1091 1401 de
1108 1339 1164 1398 litu
1180 1340 1365 1420 quaeritur.

316 1438 424 1502 Nimia
442 1438 530 1499 enim
548 1435 602 1496 hic
622 1425 753 1499 brevem
772 1436 935 1520 scopulum
958 1439 1051 1510 dicit,
1078 1459 1171 1520 quam
1189 1454 1231 1499 ut
1246 1441 1366 1502 adten-

315 1540 441 1602 tionam
457 1537 561 1599 Melae
577 1539 711 1601 excitare
725 1551 757 1600 et
773 1537 827 1601 illa
840 1536 955 1600 adferri
969 1537 1150 1622 potuillent.
1181 1541 1232 1601 Ex
1250 1541 1364 1602 verbis

315 1640 422 1704 Melae
438 1639 471 1700 r'n
484 1657 519 1700 eo
532 1651 565 1701 et
577 1631 807 1730 ubisefluelus
822 1639 966 1718 implevit
982 1643 1118 1703 omnino
1134 1643 1241 1723 quaeri
1263 1642 1366 1704 debet

315 1743 351 1804 in
376 1741 552 1812 Garumna,
590 1740 646 1800 ubi
669 1738 780 1802 obvius
803 1739 924 1802 Oceani
951 1741 1166 1836 exaestuantis
1188 1739 1365 1833 acceffibrts

316 1843 478 1906 adauctus
499 1839 558 1932 est,
584 1856 618 1902 et
634 1861 708 1904 cum
725 1841 771 1902 ibi
790 1841 827 1902 stt
847 1841 947 1906 infula
966 1845 1040 1914 Ian,
1064 1843 1146 1905 hanc
1165 1841 1226 1905 elle
1251 1843 1365 1906 tabula

316 1943 467 2026 Mlcrlpte
482 1943 627 2004 monitus
646 1943 765 2004 indicat
784 1941 955 2007 d’tnvitle.
1009 1945 1144 2007 Valeliua
1160 1965 1187 2006 c.
1203 1945 1230 2006 l.
1250 1945 1275 2006 fi
1296 1947 1365 2028 qui·

316 2046 392 2108 dem
415 2063 491 2106 vere
512 2043 592 2104 olim
613 2041 726 2114 fuerit,
760 2044 813 2106 vel
828 2045 868 2107 ab
885 2045 1013 2109 Oceano
1032 2043 1241 2115 submersam,
1269 2047 1326 2106 vel
1348 2065 1365 2107 a

317 2144 500 2207 Garumnae
519 2143 684 2206 refluentia
705 2147 795 2227 aquia
816 2159 849 2208 et
871 2149 974 2211 arenis
996 2145 1144 2210 obrutam
1165 2145 1259 2208 inille
1282 2147 1366 2208 arbi·

316 2259 426 2309 tratur.
454 2245 583 2308 Praeter
594 2242 743 2307 Nollrnm
759 2265 836 2311 vero
851 2267 948 2311 nemo
963 2251 1034 2310 eiua
1050 2249 1255 2312 mentionem
1272 2246 1362 2311 fecit.

315 2347 441 2410 Totum
462 2344 570 2408 locum
588 2345 755 2410 Boccatiua
778 2347 817 2409 de
840 2345 876 2411 ft.
893 2347 914 2412 l.
931 2368 965 2413 v.
985 2349 1147 2412 Garumna
1162 2346 1363 2429 quibusdam

315 2449 449 2514 mutarit
469 2449 627 2521 reddidit,
659 2447 715 2510 etfi
735 2469 847 2511 atteror
867 2449 906 2511 ab
926 2449 981 2514 illo
1003 2463 1148 2514 vocatur.
1197 2450 1296 2533 Quae
1321 2453 1361 2513 de

314 2551 369 2612 illa
384 2549 497 2612 Noster
511 2563 629 2618 narrat,
653 2549 807 2632 explicare
823 2553 960 2613 tentavit
974 2571 1103 2634 pravam
1122 2566 1228 2613 tamen
1247 2552 1362 2614 lectio·

314 2671 392 2716 nem
417 2649 539 2712 secutur
567 2651 663 2713 Stella
690 2653 723 2711 ln
748 2649 875 2732 epistola
895 2655 934 2714 ad
957 2653 1144 2725 schottum,
1175 2671 1276 2735 quam
1309 2653 1361 2714 hit

315 2753 452 2816 editioni
469 2750 538 2814 luae
554 2749 686 2813 inleruit
701 2771 734 2833 p.
752 2752 811 2826 67.
828 2767 862 2815 et
874 2755 1001 2836 repetiit
1015 2755 1049 2817 ll.
1060 2754 1204 2816 Gronov.
1221 2773 1255 2835 p.
1271 2755 1360 2834 568.

315 2854 403 2915 Tum
423 2871 502 2915 vero
523 2851 562 2914 lic
578 2853 729 2934 explicate
763 2851 849 2916 Cum
865 2855 1012 2917 videatur
1028 2855 1129 2926 altior,
1152 2855 1362 2918 circumiacet

314 2953 467 3017 fluctibus
488 2967 575 3015 retro
607 2953 797 3026 liuentibus,
830 2955 917 3017 unde
943 2957 1013 3018 eiua
1044 2968 1170 3018 tanturn
1195 2957 1301 3020 latera
1328 2947 1363 3019 et

313 3057 401 3140 ripae
417 3067 599 3117 cernuntur.
637 3054 680 3116 At
693 3056 821 3137 quatiet
835 3055 938 3142 pelagi
955 3057 1068 3120 fluctus
1082 3057 1250 3128 intumuit,
1282 3078 1362 3142 ope·

312 3160 394 3220 ritur
412 3154 511 3218 insula
528 3175 595 3220 non
618 3157 721 3237 aquia,
747 3155 799 3219 led
816 3155 1008 3222 increscente
1024 3159 1121 3220 lluctu
1138 3171 1273 3242 propter
1288 3163 1361 3224 eiua

312 3269 476 3321 tumorem
501 3258 568 3342 tegl
592 3259 738 3328 videtur,
770 3270 803 3320 et
829 3271 919 3322 tanto
946 3261 983 3322 fit
1009 3255 1197 3344 depreffior‚
1231 3275 1359 3342 quanto

311 3371 403 3422 antea
427 3357 582 3421 refluente
607 3378 687 3439 aqua
712 3357 881 3421 videbatur
911 3359 1022 3436 altior3
1059 3375 1093 3424 et
1119 3373 1292 3445 propterea
1318 3364 1360 3424 ab

311 3459 426 3522 incolit
447 3459 588 3542 pendere
615 3457 819 3523 existimatur.
878 3459 1003 3543 Neque,
1034 3475 1071 3524 ut
1094 3465 1193 3546 priua,
1225 3475 1360 3525 tantum

309 3558 447 3622 infulam
472 3559 589 3630 ambit,
623 3557 675 3620 led
705 3579 776 3621 earn
809 3559 961 3625 duntaxat
987 3579 1127 3647 partem,
1166 3563 1223 3624 ubi
1250 3563 1360 3628 aestua

309 3657 405 3734 furit3
429 3661 547 3742 reliqua
564 3678 631 3721 non
648 3659 788 3724 videtur.
827 3662 870 3722 Et
890 3663 964 3728 ideo
984 3663 1055 3726 lunt
1076 3663 1248 3747 perspicua,
1271 3684 1357 3747 quae

310 3760 420 3824 iniunt
434 3763 468 3824 in
484 3759 582 3822 inlula
598 3780 638 3823 ex
659 3761 731 3824 loco
748 3760 922 3843 superiore,
948 3765 970 3829 i.
990 3787 1019 3830 e.
1040 3787 1079 3828 ex
1101 3765 1356 3830 increscentibus

309 3861 472 3934 fluetibus,
496 3883 570 3924 cum
587 3875 695 3934 antea,
720 3864 954 3938 remeantibut,
978 3886 1044 3948 quo
1062 3868 1169 3929 minua
1186 3885 1356 3930 cerneren-

308 3975 380 4037 tur,
413 3962 562 4026 favebant
578 3964 664 4047 ripae
680 3978 712 4027 et
727 3964 836 4027 colles.
887 3966 974 4052 Ergo
989 3968 1081 4030 altior
1094 3981 1240 4052 apparet,
1273 3989 1353 4030 cum

308 4065 398 4146 aquit
419 4066 647 4138 circumdatur,
679 4066 828 4130 fluctibus
848 4067 1073 4141 refluentibus.
1109 4083 1143 4132 et
1173 4082 1254 4130 tunc
1278 4073 1353 4134 eiua

307 4177 435 4231 tantum
451 4167 537 4252 ripae
558 4179 592 4230 et
610 4167 708 4232 collea
731 4179 916 4235 cernuntur.
965 4169 1109 4246 Pendet,
1134 4179 1210 4236 cunr'
1231 4170 1352 4235 fluctue
