<?xml version="1.0" encoding="UTF-8"?>
<!DOCTYPE html PUBLIC "-//W3C//DTD XHTML 1.0 Transitional//EN"
    "http://www.w3.org/TR/xhtml1/DTD/xhtml1-transitional.dtd">
<html xmlns="http://www.w3.org/1999/xhtml" xml:lang="en" lang="en">
 <head>
  <title>
</title>
<meta http-equiv="Content-Type" content="text/html;charset=utf-8" />
  <meta name='ocr-system' content='tesseract 3.04.00' />
  <meta name='ocr-capabilities' content='ocr_page ocr_carea ocr_par ocr_line ocrx_word'/>
</head>
<body>
  <div class='ocr_page' id='page_1' title='image "./pomponiimelaede03melagoog_0074.png"; bbox 0 0 2748 4888; ppageno 0'>
   <div class='ocr_carea' id='block_1_1' title="bbox 291 405 1067 508">
    <p class='ocr_par' dir='ltr' id='par_1_1' title="bbox 291 405 1067 508">
     <span class='ocr_line' id='line_1_1' title="bbox 291 405 1067 508; baseline -0.003 -12"><span class='ocrx_word' id='word_1_1' title='bbox 291 433 334 508; x_wconf 80' lang='lat' dir='ltr'><strong>cn</strong></span> <span class='ocrx_word' id='word_1_2' title='bbox 561 431 724 494; x_wconf 79' lang='lat' dir='ltr'><strong>uorsa</strong></span> <span class='ocrx_word' id='word_1_3' title='bbox 762 405 1067 496; x_wconf 72' lang='lat' dir='ltr'><strong>exnoaarcaa</strong></span> 
     </span>
    </p>
   </div>
   <div class='ocr_carea' id='block_1_2' title="bbox 293 593 1337 2922">
    <p class='ocr_par' dir='ltr' id='par_1_2' title="bbox 293 593 1337 2922">
     <span class='ocr_line' id='line_1_2' title="bbox 297 593 1337 696; baseline -0.001 -19"><span class='ocrx_word' id='word_1_4' title='bbox 297 615 410 696; x_wconf 83' lang='lat' dir='ltr'><strong>ltaque</strong></span> <span class='ocrx_word' id='word_1_5' title='bbox 430 609 541 676; x_wconf 85' lang='lat' dir='ltr'><strong>oculos</strong></span> <span class='ocrx_word' id='word_1_6' title='bbox 564 593 769 674; x_wconf 85' lang='lat' dir='ltr'><strong>intendentes</strong></span> <span class='ocrx_word' id='word_1_7' title='bbox 791 610 825 673; x_wconf 86' lang='lat' dir='ltr'><strong>iu</strong></span> <span class='ocrx_word' id='word_1_8' title='bbox 846 610 927 673; x_wconf 84' lang='lat' dir='ltr'><strong>latua</strong></span> <span class='ocrx_word' id='word_1_9' title='bbox 946 610 1014 675; x_wconf 79' lang='grc' dir='ltr'><strong>ΟΕ</strong></span> <span class='ocrx_word' id='word_1_10' title='bbox 1030 623 1196 686; x_wconf 88' lang='lat' dir='ltr'><strong>montem,</strong></span> <span class='ocrx_word' id='word_1_11' title='bbox 1220 627 1278 676; x_wconf 87' lang='lat' dir='ltr'><strong>aut</strong></span> <span class='ocrx_word' id='word_1_12' title='bbox 1293 634 1337 676; x_wconf 87' lang='lat' dir='ltr'><strong>ar·</strong></span> 
     </span>
     <span class='ocr_line' id='line_1_3' title="bbox 298 710 1337 796; baseline 0 -18"><span class='ocrx_word' id='word_1_13' title='bbox 298 715 400 778; x_wconf 85' lang='lat' dir='ltr'><strong>duum</strong></span> <span class='ocrx_word' id='word_1_14' title='bbox 423 713 538 776; x_wconf 88' lang='lat' dir='ltr'><strong>collem</strong></span> <span class='ocrx_word' id='word_1_15' title='bbox 561 710 591 774; x_wconf 89' lang='lat' dir='ltr'><strong>le</strong></span> <span class='ocrx_word' id='word_1_16' title='bbox 615 712 725 774; x_wconf 84' lang='lat' dir='ltr'><strong>videre</strong></span> <span class='ocrx_word' id='word_1_17' title='bbox 748 725 871 794; x_wconf 88' lang='lat' dir='ltr'><strong>purant.</strong></span> <span class='ocrx_word' id='word_1_18' title='bbox 924 713 987 776; x_wconf 91' lang='lat' dir='ltr'><strong>Ubi</strong></span> <span class='ocrx_word' id='word_1_19' title='bbox 1004 715 1042 774; x_wconf 89' lang='lat' dir='ltr'><strong>ad</strong></span> <span class='ocrx_word' id='word_1_20' title='bbox 1060 713 1088 777; x_wconf 88' lang='lat' dir='ltr'>C</span> <span class='ocrx_word' id='word_1_21' title='bbox 1108 729 1337 796; x_wconf 81' lang='lat' dir='ltr'><strong>pervenerunt,</strong></span> 
     </span>
     <span class='ocr_line' id='line_1_4' title="bbox 297 813 1335 896; baseline -0.002 -16"><span class='ocrx_word' id='word_1_22' title='bbox 297 835 395 880; x_wconf 86' lang='lat' dir='ltr'><strong>mone</strong></span> <span class='ocrx_word' id='word_1_23' title='bbox 410 814 463 878; x_wconf 87' lang='lat' dir='ltr'><strong>ille</strong></span> <span class='ocrx_word' id='word_1_24' title='bbox 484 815 632 896; x_wconf 84' lang='lat' dir='ltr'><strong>disparet.</strong></span> <span class='ocrx_word' id='word_1_25' title='bbox 683 813 746 876; x_wconf 85' lang='lat' dir='ltr'><strong>Ubi</strong></span> <span class='ocrx_word' id='word_1_26' title='bbox 760 831 839 875; x_wconf 84' lang='lat' dir='ltr'><strong>reso</strong></span> <span class='ocrx_word' id='word_1_27' title='bbox 855 815 893 876; x_wconf 85' lang='lat' dir='ltr'><strong>ad</strong></span> <span class='ocrx_word' id='word_1_28' title='bbox 908 816 939 876; x_wconf 85' lang='lat' dir='ltr'>D</span> <span class='ocrx_word' id='word_1_29' title='bbox 952 827 1087 878; x_wconf 85' lang='lat' dir='ltr'><strong>ventum</strong></span> <span class='ocrx_word' id='word_1_30' title='bbox 1103 816 1162 888; x_wconf 83' lang='lat' dir='ltr'><strong>est,</strong></span> <span class='ocrx_word' id='word_1_31' title='bbox 1189 831 1335 880; x_wconf 87' lang='lat' dir='ltr'><strong>montem</strong></span> 
     </span>
     <span class='ocr_line' id='line_1_5' title="bbox 299 914 1335 1003; baseline 0.002 -23"><span class='ocrx_word' id='word_1_32' title='bbox 299 938 319 980; x_wconf 89' lang='lat' dir='ltr'><strong>a</strong></span> <span class='ocrx_word' id='word_1_33' title='bbox 333 931 423 1003; x_wconf 77' lang='lat' dir='ltr'><strong>tergo</strong></span> <span class='ocrx_word' id='word_1_34' title='bbox 440 914 609 984; x_wconf 86' lang='lat' dir='ltr'><strong>videbunt,</strong></span> <span class='ocrx_word' id='word_1_35' title='bbox 632 914 654 975; x_wconf 85' lang='lat' dir='ltr'><strong>sr</strong></span> <span class='ocrx_word' id='word_1_36' title='bbox 671 916 783 978; x_wconf 87' lang='lat' dir='ltr'><strong>oculos</strong></span> <span class='ocrx_word' id='word_1_37' title='bbox 797 929 882 978; x_wconf 86' lang='lat' dir='ltr'><strong>retro</strong></span> <span class='ocrx_word' id='word_1_38' title='bbox 898 915 1036 979; x_wconf 84' lang='lat' dir='ltr'><strong>flectant.</strong></span> <span class='ocrx_word' id='word_1_39' title='bbox 1071 917 1161 982; x_wconf 87' lang='lat' dir='ltr'><strong>ldem</strong></span> <span class='ocrx_word' id='word_1_40' title='bbox 1178 921 1211 978; x_wconf 91' lang='lat' dir='ltr'><strong>in</strong></span> <span class='ocrx_word' id='word_1_41' title='bbox 1228 921 1335 982; x_wconf 79' lang='lat' dir='ltr'><strong>vacuis</strong></span> 
     </span>
     <span class='ocr_line' id='line_1_6' title="bbox 299 1017 1336 1104; baseline -0.003 -21"><span class='ocrx_word' id='word_1_42' title='bbox 299 1031 355 1083; x_wconf 80' lang='lat' dir='ltr'><strong>tut</strong></span> <span class='ocrx_word' id='word_1_43' title='bbox 387 1017 512 1088; x_wconf 77' lang='lat' dir='ltr'><strong>modies</strong></span> <span class='ocrx_word' id='word_1_44' title='bbox 544 1035 624 1098; x_wconf 75' lang='lat' dir='ltr'><strong>equa</strong></span> <span class='ocrx_word' id='word_1_45' title='bbox 650 1017 799 1097; x_wconf 80' lang='lat' dir='ltr'><strong>praeditis</strong></span> <span class='ocrx_word' id='word_1_46' title='bbox 825 1017 995 1079; x_wconf 85' lang='lat' dir='ltr'><strong>fluminum</strong></span> <span class='ocrx_word' id='word_1_47' title='bbox 1022 1018 1120 1080; x_wconf 80' lang='lat' dir='ltr'><strong>alceia</strong></span> <span class='ocrx_word' id='word_1_48' title='bbox 1151 1021 1336 1104; x_wconf 84' lang='lat' dir='ltr'><strong>contingere</strong></span> 
     </span>
     <span class='ocr_line' id='line_1_7' title="bbox 299 1117 1336 1204; baseline 0.001 -22"><span class='ocrx_word' id='word_1_49' title='bbox 299 1117 412 1204; x_wconf 80' lang='lat' dir='ltr'><strong>potest.</strong></span> <span class='ocrx_word' id='word_1_50' title='bbox 465 1119 520 1180; x_wconf 90' lang='lat' dir='ltr'><strong>Uti</strong></span> <span class='ocrx_word' id='word_1_51' title='bbox 540 1118 629 1178; x_wconf 90' lang='lat' dir='ltr'><strong>enim</strong></span> <span class='ocrx_word' id='word_1_52' title='bbox 652 1117 686 1178; x_wconf 87' lang='lat' dir='ltr'><strong>in</strong></span> <span class='ocrx_word' id='word_1_53' title='bbox 708 1117 869 1202; x_wconf 87' lang='lat' dir='ltr'><strong>praemilla</strong></span> <span class='ocrx_word' id='word_1_54' title='bbox 886 1120 969 1181; x_wconf 86' lang='lat' dir='ltr'><strong>linea</strong></span> <span class='ocrx_word' id='word_1_55' title='bbox 992 1119 1056 1190; x_wconf 90' lang='lat' dir='ltr'><strong>illi,</strong></span> <span class='ocrx_word' id='word_1_56' title='bbox 1087 1121 1142 1201; x_wconf 91' lang='lat' dir='ltr'><strong>qui</strong></span> <span class='ocrx_word' id='word_1_57' title='bbox 1165 1123 1199 1182; x_wconf 87' lang='lat' dir='ltr'><strong>in</strong></span> <span class='ocrx_word' id='word_1_58' title='bbox 1221 1123 1248 1183; x_wconf 79' lang='lat' dir='ltr'>A</span> <span class='ocrx_word' id='word_1_59' title='bbox 1271 1141 1336 1182; x_wconf 84' lang='lat' dir='ltr'><strong>rer·</strong></span> 
     </span>
     <span class='ocr_line' id='line_1_8' title="bbox 300 1215 1336 1304; baseline 0 -20"><span class='ocrx_word' id='word_1_60' title='bbox 300 1221 424 1292; x_wconf 81' lang='lat' dir='ltr'><strong>isnrur,</strong></span> <span class='ocrx_word' id='word_1_61' title='bbox 449 1231 604 1302; x_wconf 86' lang='lat' dir='ltr'><strong>punctum</strong></span> <span class='ocrx_word' id='word_1_62' title='bbox 621 1221 652 1280; x_wconf 89' lang='lat' dir='ltr'><strong>D</strong></span> <span class='ocrx_word' id='word_1_63' title='bbox 670 1215 760 1300; x_wconf 81' lang='lat' dir='ltr'><strong>supra</strong></span> <span class='ocrx_word' id='word_1_64' title='bbox 781 1217 811 1282; x_wconf 89' lang='lat' dir='ltr'><strong>le</strong></span> <span class='ocrx_word' id='word_1_65' title='bbox 832 1219 1113 1294; x_wconf 75' lang='lat' dir='ltr'><strong>erllrrecredun13</strong></span> <span class='ocrx_word' id='word_1_66' title='bbox 1138 1222 1182 1282; x_wconf 87' lang='lat' dir='ltr'><strong>ira</strong></span> <span class='ocrx_word' id='word_1_67' title='bbox 1200 1241 1336 1304; x_wconf 81' lang='lat' dir='ltr'><strong>qunque,</strong></span> 
     </span>
     <span class='ocr_line' id='line_1_9' title="bbox 300 1318 1336 1408; baseline 0 -24"><span class='ocrx_word' id='word_1_68' title='bbox 300 1324 357 1407; x_wconf 87' lang='lat' dir='ltr'><strong>qui</strong></span> <span class='ocrx_word' id='word_1_69' title='bbox 379 1343 419 1385; x_wconf 87' lang='lat' dir='ltr'><strong>ex</strong></span> <span class='ocrx_word' id='word_1_70' title='bbox 440 1321 624 1384; x_wconf 77' lang='lat' dir='ltr'><strong>memorarit</strong></span> <span class='ocrx_word' id='word_1_71' title='bbox 647 1318 756 1385; x_wconf 81' lang='lat' dir='ltr'><strong>infulis</strong></span> <span class='ocrx_word' id='word_1_72' title='bbox 783 1321 968 1384; x_wconf 79' lang='lat' dir='ltr'><strong>ulteriorem</strong></span> <span class='ocrx_word' id='word_1_73' title='bbox 990 1324 1091 1404; x_wconf 87' lang='lat' dir='ltr'><strong>ripam</strong></span> <span class='ocrx_word' id='word_1_74' title='bbox 1114 1321 1336 1408; x_wconf 73' lang='lat' dir='ltr'><strong>suspiciebant,</strong></span> 
     </span>
     <span class='ocr_line' id='line_1_10' title="bbox 301 1419 1337 1506; baseline -0.004 -17"><span class='ocrx_word' id='word_1_75' title='bbox 301 1426 447 1489; x_wconf 85' lang='lat' dir='ltr'><strong>altiorem</strong></span> <span class='ocrx_word' id='word_1_76' title='bbox 465 1442 535 1484; x_wconf 91' lang='lat' dir='ltr'><strong>eam</strong></span> <span class='ocrx_word' id='word_1_77' title='bbox 557 1419 728 1504; x_wconf 86' lang='lat' dir='ltr'><strong>putabant,</strong></span> <span class='ocrx_word' id='word_1_78' title='bbox 754 1442 850 1506; x_wconf 85' lang='lat' dir='ltr'><strong>quarn</strong></span> <span class='ocrx_word' id='word_1_79' title='bbox 872 1435 998 1495; x_wconf 86' lang='lat' dir='ltr'><strong>tamen,</strong></span> <span class='ocrx_word' id='word_1_80' title='bbox 1029 1443 1103 1484; x_wconf 87' lang='lat' dir='ltr'><strong>curn</strong></span> <span class='ocrx_word' id='word_1_81' title='bbox 1124 1425 1207 1486; x_wconf 81' lang='lat' dir='ltr'><strong>sellu</strong></span> <span class='ocrx_word' id='word_1_82' title='bbox 1224 1426 1337 1486; x_wconf 86' lang='lat' dir='ltr'><strong>obrue·</strong></span> 
     </span>
     <span class='ocr_line' id='line_1_11' title="bbox 302 1521 1337 1609; baseline -0.003 -19"><span class='ocrx_word' id='word_1_83' title='bbox 302 1521 406 1596; x_wconf 82' lang='lat' dir='ltr'><strong>retur,</strong></span> <span class='ocrx_word' id='word_1_84' title='bbox 440 1523 530 1586; x_wconf 83' lang='lat' dir='ltr'><strong>facile</strong></span> <span class='ocrx_word' id='word_1_85' title='bbox 559 1524 709 1608; x_wconf 80' lang='lat' dir='ltr'><strong>colligere</strong></span> <span class='ocrx_word' id='word_1_86' title='bbox 731 1538 813 1594; x_wconf 86' lang='lat' dir='ltr'><strong>esst,</strong></span> <span class='ocrx_word' id='word_1_87' title='bbox 846 1525 955 1587; x_wconf 81' lang='lat' dir='ltr'><strong>minue</strong></span> <span class='ocrx_word' id='word_1_88' title='bbox 980 1526 1098 1586; x_wconf 85' lang='lat' dir='ltr'><strong>editam</strong></span> <span class='ocrx_word' id='word_1_89' title='bbox 1121 1524 1209 1587; x_wconf 84' lang='lat' dir='ltr'><strong>inille</strong></span> <span class='ocrx_word' id='word_1_90' title='bbox 1236 1525 1337 1609; x_wconf 78' lang='lat' dir='ltr'><strong>snper·</strong></span> 
     </span>
     <span class='ocr_line' id='line_1_12' title="bbox 301 1625 1336 1692; baseline -0.006 0"><span class='ocrx_word' id='word_1_91' title='bbox 301 1629 373 1692; x_wconf 87' lang='lat' dir='ltr'><strong>ficie</strong></span> <span class='ocrx_word' id='word_1_92' title='bbox 405 1625 588 1688; x_wconf 72' lang='lat' dir='ltr'><strong>insularum.</strong></span> <span class='ocrx_word' id='word_1_93' title='bbox 636 1628 685 1686; x_wconf 89' lang='lat' dir='ltr'><strong>lta</strong></span> <span class='ocrx_word' id='word_1_94' title='bbox 719 1645 864 1688; x_wconf 82' lang='lat' dir='ltr'><strong>vosarvs.</strong></span> <span class='ocrx_word' id='word_1_95' title='bbox 932 1625 1048 1690; x_wconf 81' lang='lat' dir='ltr'><strong>Senius</strong></span> <span class='ocrx_word' id='word_1_96' title='bbox 1073 1626 1250 1688; x_wconf 86' lang='lat' dir='ltr'><strong>verborum</strong></span> <span class='ocrx_word' id='word_1_97' title='bbox 1277 1627 1336 1689; x_wconf 85' lang='lat' dir='ltr'><strong>eli:</strong></span> 
     </span>
     <span class='ocr_line' id='line_1_13' title="bbox 302 1722 1337 1810; baseline -0.001 -20"><span class='ocrx_word' id='word_1_98' title='bbox 302 1729 404 1800; x_wconf 85' lang='lat' dir='ltr'><strong>Cum,</strong></span> <span class='ocrx_word' id='word_1_99' title='bbox 433 1747 513 1810; x_wconf 89' lang='lat' dir='ltr'><strong>quae</strong></span> <span class='ocrx_word' id='word_1_100' title='bbox 535 1727 659 1789; x_wconf 84' lang='lat' dir='ltr'><strong>obiecta</strong></span> <span class='ocrx_word' id='word_1_101' title='bbox 681 1722 752 1788; x_wconf 87' lang='lat' dir='ltr'><strong>lunt</strong></span> <span class='ocrx_word' id='word_1_102' title='bbox 774 1725 891 1789; x_wconf 82' lang='lat' dir='ltr'><strong>insulae</strong></span> <span class='ocrx_word' id='word_1_103' title='bbox 911 1727 996 1799; x_wconf 83' lang='lat' dir='ltr'><strong>loca,</strong></span> <span class='ocrx_word' id='word_1_104' title='bbox 1023 1727 1186 1790; x_wconf 82' lang='lat' dir='ltr'><strong>exceltiosa</strong></span> <span class='ocrx_word' id='word_1_105' title='bbox 1208 1731 1337 1790; x_wconf 80' lang='lat' dir='ltr'><strong>uidean-</strong></span> 
     </span>
     <span class='ocr_line' id='line_1_14' title="bbox 301 1826 1335 1910; baseline -0.003 -16"><span class='ocrx_word' id='word_1_106' title='bbox 301 1846 374 1902; x_wconf 87' lang='lat' dir='ltr'><strong>tur,</strong></span> <span class='ocrx_word' id='word_1_107' title='bbox 399 1827 514 1893; x_wconf 85' lang='lat' dir='ltr'><strong>accellu</strong></span> <span class='ocrx_word' id='word_1_108' title='bbox 529 1829 625 1890; x_wconf 86' lang='lat' dir='ltr'><strong>maris</strong></span> <span class='ocrx_word' id='word_1_109' title='bbox 641 1827 694 1889; x_wconf 86' lang='lat' dir='ltr'><strong>illa</strong></span> <span class='ocrx_word' id='word_1_110' title='bbox 710 1829 896 1910; x_wconf 87' lang='lat' dir='ltr'><strong>operiuntur</strong></span> <span class='ocrx_word' id='word_1_111' title='bbox 912 1829 1016 1910; x_wconf 84' lang='lat' dir='ltr'><strong>aquis,</strong></span> <span class='ocrx_word' id='word_1_112' title='bbox 1041 1826 1154 1901; x_wconf 78' lang='lat' dir='ltr'><strong>insula,</strong></span> <span class='ocrx_word' id='word_1_113' title='bbox 1178 1844 1214 1890; x_wconf 88' lang='lat' dir='ltr'><strong>ut</strong></span> <span class='ocrx_word' id='word_1_114' title='bbox 1236 1845 1335 1901; x_wconf 82' lang='lat' dir='ltr'><strong>antea,</strong></span> 
     </span>
     <span class='ocr_line' id='line_1_15' title="bbox 299 1929 1337 2000; baseline -0.002 -5"><span class='ocrx_word' id='word_1_115' title='bbox 299 1946 426 1995; x_wconf 84' lang='lat' dir='ltr'><strong>tantum</strong></span> <span class='ocrx_word' id='word_1_116' title='bbox 453 1929 609 1999; x_wconf 83' lang='lat' dir='ltr'><strong>ambitur,</strong></span> <span class='ocrx_word' id='word_1_117' title='bbox 643 1929 702 1990; x_wconf 84' lang='lat' dir='ltr'><strong>hac</strong></span> <span class='ocrx_word' id='word_1_118' title='bbox 727 1942 835 1992; x_wconf 85' lang='lat' dir='ltr'><strong>tamen</strong></span> <span class='ocrx_word' id='word_1_119' title='bbox 861 1931 1056 2000; x_wconf 71' lang='lat' dir='ltr'><strong>mutatione,</strong></span> <span class='ocrx_word' id='word_1_120' title='bbox 1089 1942 1127 1990; x_wconf 90' lang='lat' dir='ltr'><strong>ut</strong></span> <span class='ocrx_word' id='word_1_121' title='bbox 1157 1945 1236 1993; x_wconf 90' lang='lat' dir='ltr'><strong>tunc</strong></span> <span class='ocrx_word' id='word_1_122' title='bbox 1260 1933 1337 1994; x_wconf 81' lang='lat' dir='ltr'><strong>ultra</strong></span> 
     </span>
     <span class='ocr_line' id='line_1_16' title="bbox 299 2026 1337 2118; baseline -0.002 -22"><span class='ocrx_word' id='word_1_123' title='bbox 299 2035 384 2118; x_wconf 82' lang='lat' dir='ltr'><strong>ripas</strong></span> <span class='ocrx_word' id='word_1_124' title='bbox 408 2031 550 2095; x_wconf 85' lang='lat' dir='ltr'><strong>fluminis</strong></span> <span class='ocrx_word' id='word_1_125' title='bbox 570 2047 610 2092; x_wconf 81' lang='lat' dir='ltr'><strong>ex</strong></span> <span class='ocrx_word' id='word_1_126' title='bbox 629 2026 745 2102; x_wconf 81' lang='lat' dir='ltr'><strong>insula,</strong></span> <span class='ocrx_word' id='word_1_127' title='bbox 780 2044 940 2113; x_wconf 85' lang='lat' dir='ltr'><strong>tamquam</strong></span> <span class='ocrx_word' id='word_1_128' title='bbox 962 2051 1002 2094; x_wconf 86' lang='lat' dir='ltr'><strong>ex</strong></span> <span class='ocrx_word' id='word_1_129' title='bbox 1023 2032 1153 2094; x_wconf 85' lang='lat' dir='ltr'><strong>editiori</strong></span> <span class='ocrx_word' id='word_1_130' title='bbox 1172 2034 1246 2094; x_wconf 89' lang='lat' dir='ltr'><strong>loco</strong></span> <span class='ocrx_word' id='word_1_131' title='bbox 1268 2052 1337 2116; x_wconf 84' lang='lat' dir='ltr'><strong>pro·</strong></span> 
     </span>
     <span class='ocr_line' id='line_1_17' title="bbox 301 2131 1336 2217; baseline -0.002 -20"><span class='ocrx_word' id='word_1_132' title='bbox 301 2132 438 2217; x_wconf 76' lang='lat' dir='ltr'><strong>spectare</strong></span> <span class='ocrx_word' id='word_1_133' title='bbox 456 2131 558 2193; x_wconf 87' lang='lat' dir='ltr'><strong>liceat.</strong></span> <span class='ocrx_word' id='word_1_134' title='bbox 611 2131 708 2214; x_wconf 83' lang='lat' dir='ltr'><strong>Quod</strong></span> <span class='ocrx_word' id='word_1_135' title='bbox 732 2151 807 2194; x_wconf 87' lang='lat' dir='ltr'><strong>cum</strong></span> <span class='ocrx_word' id='word_1_136' title='bbox 822 2134 916 2195; x_wconf 88' lang='lat' dir='ltr'><strong>unice</strong></span> <span class='ocrx_word' id='word_1_137' title='bbox 936 2133 976 2196; x_wconf 87' lang='lat' dir='ltr'><strong>lic</strong></span> <span class='ocrx_word' id='word_1_138' title='bbox 997 2133 1152 2216; x_wconf 82' lang='lat' dir='ltr'><strong>explicare</strong></span> <span class='ocrx_word' id='word_1_139' title='bbox 1167 2146 1200 2195; x_wconf 88' lang='lat' dir='ltr'><strong>et</strong></span> <span class='ocrx_word' id='word_1_140' title='bbox 1221 2135 1336 2198; x_wconf 82' lang='lat' dir='ltr'><strong>intelli·</strong></span> 
     </span>
     <span class='ocr_line' id='line_1_18' title="bbox 293 2229 1335 2322; baseline 0.001 -25"><span class='ocrx_word' id='word_1_141' title='bbox 293 2253 375 2322; x_wconf 70' lang='lat' dir='ltr'><strong>¹geru</strong></span> <span class='ocrx_word' id='word_1_142' title='bbox 401 2234 528 2304; x_wconf 81' lang='lat' dir='ltr'><strong>liceret,</strong></span> <span class='ocrx_word' id='word_1_143' title='bbox 562 2231 582 2290; x_wconf 84' lang='lat' dir='ltr'><strong>ss</strong></span> <span class='ocrx_word' id='word_1_144' title='bbox 609 2229 707 2294; x_wconf 78' lang='lat' dir='ltr'><strong>infula</strong></span> <span class='ocrx_word' id='word_1_145' title='bbox 732 2246 870 2306; x_wconf 68' lang='lat' dir='ltr'><strong>ructaret,</strong></span> <span class='ocrx_word' id='word_1_146' title='bbox 902 2233 1026 2298; x_wconf 88' lang='lat' dir='ltr'><strong>obiecta</strong></span> <span class='ocrx_word' id='word_1_147' title='bbox 1053 2234 1121 2297; x_wconf 87' lang='lat' dir='ltr'><strong>loca</strong></span> <span class='ocrx_word' id='word_1_148' title='bbox 1151 2236 1242 2296; x_wconf 80' lang='lat' dir='ltr'><strong>firma</strong></span> <span class='ocrx_word' id='word_1_149' title='bbox 1269 2235 1335 2298; x_wconf 86' lang='lat' dir='ltr'><strong>lede</strong></span> 
     </span>
     <span class='ocr_line' id='line_1_19' title="bbox 300 2331 1334 2418; baseline -0.001 -19"><span class='ocrx_word' id='word_1_150' title='bbox 300 2335 432 2408; x_wconf 81' lang='lat' dir='ltr'><strong>starent,</strong></span> <span class='ocrx_word' id='word_1_151' title='bbox 463 2331 595 2396; x_wconf 78' lang='lat' dir='ltr'><strong>insulam</strong></span> <span class='ocrx_word' id='word_1_152' title='bbox 612 2347 717 2396; x_wconf 85' lang='lat' dir='ltr'><strong>natare</strong></span> <span class='ocrx_word' id='word_1_153' title='bbox 737 2336 859 2398; x_wconf 80' lang='lat' dir='ltr'><strong>incolae</strong></span> <span class='ocrx_word' id='word_1_154' title='bbox 880 2348 1087 2418; x_wconf 81' lang='lat' dir='ltr'><strong>putaverunt.</strong></span> <span class='ocrx_word' id='word_1_155' title='bbox 1137 2337 1185 2399; x_wconf 79' lang='lat' dir='ltr'><strong>An</strong></span> <span class='ocrx_word' id='word_1_156' title='bbox 1201 2338 1245 2399; x_wconf 81' lang='lat' dir='ltr'><strong>ira</strong></span> <span class='ocrx_word' id='word_1_157' title='bbox 1264 2353 1334 2398; x_wconf 85' lang='lat' dir='ltr'><strong>rere</strong></span> 
     </span>
     <span class='ocr_line' id='line_1_20' title="bbox 299 2433 1334 2522; baseline 0 -24"><span class='ocrx_word' id='word_1_158' title='bbox 299 2433 406 2522; x_wconf 73' lang='lat' dir='ltr'><strong>fuerit,</strong></span> <span class='ocrx_word' id='word_1_159' title='bbox 431 2447 475 2506; x_wconf 85' lang='lat' dir='ltr'><strong>et,</strong></span> <span class='ocrx_word' id='word_1_160' title='bbox 503 2433 549 2496; x_wconf 82' lang='lat' dir='ltr'><strong>fin</strong></span> <span class='ocrx_word' id='word_1_161' title='bbox 564 2435 663 2506; x_wconf 82' lang='lat' dir='ltr'><strong>aliter,</strong></span> <span class='ocrx_word' id='word_1_162' title='bbox 688 2436 852 2518; x_wconf 89' lang='lat' dir='ltr'><strong>quomodo</strong></span> <span class='ocrx_word' id='word_1_163' title='bbox 874 2438 941 2500; x_wconf 85' lang='lat' dir='ltr'><strong>lieri</strong></span> <span class='ocrx_word' id='word_1_164' title='bbox 961 2438 1103 2519; x_wconf 85' lang='lat' dir='ltr'><strong>potuerit</strong></span> <span class='ocrx_word' id='word_1_165' title='bbox 1116 2438 1261 2508; x_wconf 73' lang='lat' dir='ltr'><strong>iudiceri,</strong></span> <span class='ocrx_word' id='word_1_166' title='bbox 1287 2457 1334 2500; x_wconf 83' lang='lat' dir='ltr'><strong>ex·</strong></span> 
     </span>
     <span class='ocr_line' id='line_1_21' title="bbox 298 2532 1333 2622; baseline 0.002 -23"><span class='ocrx_word' id='word_1_167' title='bbox 298 2557 419 2622; x_wconf 86' lang='lat' dir='ltr'><strong>ponere</strong></span> <span class='ocrx_word' id='word_1_168' title='bbox 441 2536 579 2600; x_wconf 81' lang='lat' dir='ltr'><strong>tentarit</strong></span> <span class='ocrx_word' id='word_1_169' title='bbox 595 2532 729 2600; x_wconf 80' lang='lat' dir='ltr'><strong>Volliue.</strong></span> <span class='ocrx_word' id='word_1_170' title='bbox 781 2537 830 2599; x_wconf 80' lang='lat' dir='ltr'><strong>td</strong></span> <span class='ocrx_word' id='word_1_171' title='bbox 849 2537 985 2600; x_wconf 83' lang='lat' dir='ltr'><strong>verbum</strong></span> <span class='ocrx_word' id='word_1_172' title='bbox 1007 2538 1143 2600; x_wconf 78' lang='lat' dir='ltr'><strong>editiora</strong></span> <span class='ocrx_word' id='word_1_173' title='bbox 1166 2542 1191 2600; x_wconf 88' lang='lat'><strong>1.</strong></span> <span class='ocrx_word' id='word_1_174' title='bbox 1210 2539 1333 2601; x_wconf 86' lang='lat' dir='ltr'><strong>Grono-</strong></span> 
     </span>
     <span class='ocr_line' id='line_1_22' title="bbox 298 2635 1333 2716; baseline 0.001 -16"><span class='ocrx_word' id='word_1_175' title='bbox 298 2639 373 2702; x_wconf 78' lang='lat' dir='ltr'><strong>vius</strong></span> <span class='ocrx_word' id='word_1_176' title='bbox 390 2637 501 2703; x_wconf 86' lang='lat' dir='ltr'><strong>MSrua</strong></span> <span class='ocrx_word' id='word_1_177' title='bbox 514 2639 623 2700; x_wconf 88' lang='lat' dir='ltr'><strong>locum</strong></span> <span class='ocrx_word' id='word_1_178' title='bbox 637 2657 677 2700; x_wconf 83' lang='lat' dir='ltr'><strong>ert</strong></span> <span class='ocrx_word' id='word_1_179' title='bbox 691 2638 788 2701; x_wconf 83' lang='lat' dir='ltr'><strong>Livio</strong></span> <span class='ocrx_word' id='word_1_180' title='bbox 805 2653 864 2711; x_wconf 78' lang='lat'><strong>27,</strong></span> <span class='ocrx_word' id='word_1_181' title='bbox 878 2649 940 2716; x_wconf 75' lang='grc'><strong>47.</strong></span> <span class='ocrx_word' id='word_1_182' title='bbox 953 2635 976 2701; x_wconf 81' lang='lat' dir='ltr'><strong>f.</strong></span> <span class='ocrx_word' id='word_1_183' title='bbox 990 2653 1166 2711; x_wconf 83' lang='lat' dir='ltr'><strong>notaverat,</strong></span> <span class='ocrx_word' id='word_1_184' title='bbox 1184 2640 1241 2700; x_wconf 90' lang='lat' dir='ltr'><strong>ubi</strong></span> <span class='ocrx_word' id='word_1_185' title='bbox 1261 2641 1333 2702; x_wconf 83' lang='lat' dir='ltr'><strong>haec</strong></span> 
     </span>
     <span class='ocr_line' id='line_1_23' title="bbox 299 2735 1334 2832; baseline 0.002 -32"><span class='ocrx_word' id='word_1_186' title='bbox 299 2741 470 2824; x_wconf 79' lang='lat' dir='ltr'><strong>leguntur:</strong></span> <span class='ocrx_word' id='word_1_187' title='bbox 506 2737 672 2832; x_wconf 71' lang='lat' dir='ltr'><strong>Quantum</strong></span> <span class='ocrx_word' id='word_1_188' title='bbox 700 2751 785 2801; x_wconf 78' lang='lat' dir='ltr'><strong>mara</strong></span> <span class='ocrx_word' id='word_1_189' title='bbox 809 2735 1013 2811; x_wconf 75' lang='lat' dir='ltr'><strong>abscedebat,</strong></span> <span class='ocrx_word' id='word_1_190' title='bbox 1049 2753 1144 2803; x_wconf 83' lang='lat' dir='ltr'><strong>tanto</strong></span> <span class='ocrx_word' id='word_1_191' title='bbox 1167 2739 1334 2804; x_wconf 78' lang='lat' dir='ltr'><strong>altioribus</strong></span> 
     </span>
     <span class='ocr_line' id='line_1_24' title="bbox 297 2837 916 2922; baseline -0.003 -18"><span class='ocrx_word' id='word_1_192' title='bbox 297 2837 508 2908; x_wconf 68' lang='lat' dir='ltr'><strong>coercentibus</strong></span> <span class='ocrx_word' id='word_1_193' title='bbox 529 2861 651 2902; x_wconf 79' lang='lat' dir='ltr'><strong>astinem</strong></span> <span class='ocrx_word' id='word_1_194' title='bbox 672 2841 750 2922; x_wconf 83' lang='lat' dir='ltr'><strong>ripis</strong></span> <span class='ocrx_word' id='word_1_195' title='bbox 766 2853 827 2904; x_wconf 89' lang='lat' dir='ltr'><strong>etc.</strong></span> <span class='ocrx_word' id='word_1_196' title='bbox 911 2847 916 2856; x_wconf 94' lang='lat'>&#39;</span> 
     </span>
    </p>
   </div>
   <div class='ocr_carea' id='block_1_3' title="bbox 293 3007 1335 3394">
    <p class='ocr_par' dir='ltr' id='par_1_3' title="bbox 293 3007 1335 3394">
     <span class='ocr_line' id='line_1_25' title="bbox 463 3007 1333 3094; baseline 0.003 -24"><span class='ocrx_word' id='word_1_197' title='bbox 463 3012 494 3090; x_wconf 74' lang='grc' dir='ltr'><strong>ς.</strong></span> <span class='ocrx_word' id='word_1_198' title='bbox 521 3027 556 3089; x_wconf 84' lang='grc'><strong>7.</strong></span> <span class='ocrx_word' id='word_1_199' title='bbox 606 3008 923 3091; x_wconf 78' lang='lat' dir='ltr'><strong>procurrentis)</strong></span> <span class='ocrx_word' id='word_1_200' title='bbox 972 3009 1025 3074; x_wconf 89' lang='lat' dir='ltr'><strong>Sic</strong></span> <span class='ocrx_word' id='word_1_201' title='bbox 1057 3010 1180 3073; x_wconf 81' lang='lat' dir='ltr'><strong>Plinius</strong></span> <span class='ocrx_word' id='word_1_202' title='bbox 1211 3007 1333 3094; x_wconf 81' lang='lat' dir='ltr'><strong>pallim,</strong></span> 
     </span>
     <span class='ocr_line' id='line_1_26' title="bbox 294 3110 1335 3190; baseline 0.002 -16"><span class='ocrx_word' id='word_1_203' title='bbox 294 3129 356 3178; x_wconf 86' lang='lat' dir='ltr'><strong>nec</strong></span> <span class='ocrx_word' id='word_1_204' title='bbox 369 3111 477 3174; x_wconf 85' lang='lat' dir='ltr'><strong>minus</strong></span> <span class='ocrx_word' id='word_1_205' title='bbox 494 3111 566 3183; x_wconf 83' lang='lat' dir='ltr'><strong>alii,</strong></span> <span class='ocrx_word' id='word_1_206' title='bbox 590 3129 623 3176; x_wconf 83' lang='lat' dir='ltr'><strong>v.</strong></span> <span class='ocrx_word' id='word_1_207' title='bbox 639 3129 667 3174; x_wconf 87' lang='lat' dir='ltr'><strong>c.</strong></span> <span class='ocrx_word' id='word_1_208' title='bbox 685 3111 830 3174; x_wconf 82' lang='lat' dir='ltr'><strong>Lucanus</strong></span> <span class='ocrx_word' id='word_1_209' title='bbox 847 3128 879 3182; x_wconf 83' lang='lat' dir='ltr'><strong>a,</strong></span> <span class='ocrx_word' id='word_1_210' title='bbox 896 3121 982 3190; x_wconf 74' lang='lat'><strong>427.</strong></span> <span class='ocrx_word' id='word_1_211' title='bbox 1005 3110 1063 3172; x_wconf 92' lang='lat' dir='ltr'><strong>ubi</strong></span> <span class='ocrx_word' id='word_1_212' title='bbox 1081 3126 1188 3174; x_wconf 83' lang='lat' dir='ltr'><strong>tuetur</strong></span> <span class='ocrx_word' id='word_1_213' title='bbox 1204 3113 1335 3176; x_wconf 86' lang='lat' dir='ltr'><strong>Ouden-</strong></span> 
     </span>
     <span class='ocr_line' id='line_1_27' title="bbox 294 3210 1332 3296; baseline -0.001 -19"><span class='ocrx_word' id='word_1_214' title='bbox 294 3213 438 3296; x_wconf 82' lang='lat' dir='ltr'><strong>dorpius,</strong></span> <span class='ocrx_word' id='word_1_215' title='bbox 461 3231 536 3274; x_wconf 88' lang='lat' dir='ltr'><strong>cum</strong></span> <span class='ocrx_word' id='word_1_216' title='bbox 554 3211 696 3296; x_wconf 82' lang='lat' dir='ltr'><strong>plerique</strong></span> <span class='ocrx_word' id='word_1_217' title='bbox 712 3212 785 3276; x_wconf 88' lang='lat' dir='ltr'><strong>libri</strong></span> <span class='ocrx_word' id='word_1_218' title='bbox 798 3211 936 3275; x_wconf 76' lang='lat' dir='ltr'><strong>habeant</strong></span> <span class='ocrx_word' id='word_1_219' title='bbox 952 3213 1115 3295; x_wconf 80' lang='lat' dir='ltr'><strong>percurrit.</strong></span> <span class='ocrx_word' id='word_1_220' title='bbox 1142 3210 1193 3276; x_wconf 86' lang='lat' dir='ltr'><strong>Cf.</strong></span> <span class='ocrx_word' id='word_1_221' title='bbox 1208 3213 1332 3278; x_wconf 87' lang='lat' dir='ltr'><strong>Duker.</strong></span> 
     </span>
     <span class='ocr_line' id='line_1_28' title="bbox 293 3314 609 3394; baseline 0.006 -18"><span class='ocrx_word' id='word_1_222' title='bbox 293 3314 432 3382; x_wconf 75' lang='lat' dir='ltr'><strong>adFlor.</strong></span> <span class='ocrx_word' id='word_1_223' title='bbox 448 3330 482 3386; x_wconf 71' lang='grc' dir='ltr'><strong>Ω,</strong></span> <span class='ocrx_word' id='word_1_224' title='bbox 499 3330 532 3385; x_wconf 80' lang='lat'><strong>2,</strong></span> <span class='ocrx_word' id='word_1_225' title='bbox 553 3331 609 3394; x_wconf 87' lang='lat'><strong>19.</strong></span> 
     </span>
    </p>
   </div>
   <div class='ocr_carea' id='block_1_4' title="bbox 292 3457 1332 3662">
    <p class='ocr_par' dir='ltr' id='par_1_4' title="bbox 292 3457 1332 3662">
     <span class='ocr_line' id='line_1_29' title="bbox 369 3457 1332 3564; baseline 0.002 -20"><span class='ocrx_word' id='word_1_226' title='bbox 369 3482 474 3544; x_wconf 87' lang='lat' dir='ltr'><strong>aliis</strong></span> <span class='ocrx_word' id='word_1_227' title='bbox 505 3481 705 3564; x_wconf 76' lang='lat' dir='ltr'><strong>populis)</strong></span> <span class='ocrx_word' id='word_1_228' title='bbox 754 3481 801 3546; x_wconf 87' lang='lat' dir='ltr'><strong>Ut</strong></span> <span class='ocrx_word' id='word_1_229' title='bbox 823 3479 1028 3557; x_wconf 77' lang='lat' dir='ltr'><strong>Pictonibus,</strong></span> <span class='ocrx_word' id='word_1_230' title='bbox 1062 3483 1233 3559; x_wconf 82' lang='lat' dir='ltr'><strong>Samnitis,</strong></span> <span class='ocrx_word' id='word_1_231' title='bbox 1272 3457 1332 3550; x_wconf 63' lang='lat' dir='ltr'><strong>Vi·</strong></span> 
     </span>
     <span class='ocr_line' id='line_1_30' title="bbox 292 3582 665 3662; baseline 0.003 -16"><span class='ocrx_word' id='word_1_232' title='bbox 292 3583 394 3658; x_wconf 87' lang='lat' dir='ltr'><strong>netir,·</strong></span> <span class='ocrx_word' id='word_1_233' title='bbox 425 3582 564 3649; x_wconf 83' lang='lat' dir='ltr'><strong>Prolem.</strong></span> <span class='ocrx_word' id='word_1_234' title='bbox 581 3601 614 3655; x_wconf 77' lang='lat' dir='ltr'><strong>a,</strong></span> <span class='ocrx_word' id='word_1_235' title='bbox 632 3596 665 3662; x_wconf 79' lang='grc'><strong>8.</strong></span> 
     </span>
    </p>
   </div>
   <div class='ocr_carea' id='block_1_5' title="bbox 237 3750 1327 4248">
    <p class='ocr_par' dir='ltr' id='par_1_5' title="bbox 237 3750 1327 4248">
     <span class='ocr_line' id='line_1_31' title="bbox 237 3750 1327 3836; baseline 0.003 -23"><span class='ocrx_word' id='word_1_236' title='bbox 237 3787 242 3796; x_wconf 84' lang='grc'><em>·</em></span> <span class='ocrx_word' id='word_1_237' title='bbox 370 3750 603 3836; x_wconf 82' lang='lat' dir='ltr'><strong>Santonis)</strong></span> <span class='ocrx_word' id='word_1_238' title='bbox 659 3754 709 3816; x_wconf 88' lang='lat' dir='ltr'><strong>De</strong></span> <span class='ocrx_word' id='word_1_239' title='bbox 731 3750 886 3815; x_wconf 81' lang='lat' dir='ltr'><strong>scribendi</strong></span> <span class='ocrx_word' id='word_1_240' title='bbox 909 3756 1061 3816; x_wconf 83' lang='lat' dir='ltr'><strong>varietate</strong></span> <span class='ocrx_word' id='word_1_241' title='bbox 1083 3753 1206 3816; x_wconf 81' lang='lat' dir='ltr'><strong>dictum</strong></span> <span class='ocrx_word' id='word_1_242' title='bbox 1228 3754 1272 3816; x_wconf 82' lang='lat' dir='ltr'><strong>eli</strong></span> <span class='ocrx_word' id='word_1_243' title='bbox 1294 3755 1327 3816; x_wconf 89' lang='lat' dir='ltr'><strong>in</strong></span> 
     </span>
     <span class='ocr_line' id='line_1_32' title="bbox 292 3851 1327 3939; baseline 0.004 -25"><span class='ocrx_word' id='word_1_244' title='bbox 292 3864 362 3916; x_wconf 87' lang='lat' dir='ltr'><strong>not.</strong></span> <span class='ocrx_word' id='word_1_245' title='bbox 378 3855 448 3915; x_wconf 91' lang='lat' dir='ltr'><strong>crit.</strong></span> <span class='ocrx_word' id='word_1_246' title='bbox 467 3874 500 3935; x_wconf 86' lang='lat' dir='ltr'><strong>p.</strong></span> <span class='ocrx_word' id='word_1_247' title='bbox 510 3870 569 3936; x_wconf 89' lang='lat'><strong>79.</strong></span> <span class='ocrx_word' id='word_1_248' title='bbox 586 3853 607 3918; x_wconf 88' lang='lat' dir='ltr'><strong>l.</strong></span> <span class='ocrx_word' id='word_1_249' title='bbox 632 3855 718 3916; x_wconf 84' lang='lat' dir='ltr'><strong>unde</strong></span> <span class='ocrx_word' id='word_1_250' title='bbox 734 3851 922 3939; x_wconf 82' lang='lat' dir='ltr'><strong>intelligitur</strong></span> <span class='ocrx_word' id='word_1_251' title='bbox 937 3857 1034 3918; x_wconf 91' lang='lat' dir='ltr'><strong>etiarn</strong></span> <span class='ocrx_word' id='word_1_252' title='bbox 1051 3855 1211 3917; x_wconf 85' lang='lat' dir='ltr'><strong>Santonos</strong></span> <span class='ocrx_word' id='word_1_253' title='bbox 1225 3857 1327 3918; x_wconf 86' lang='lat' dir='ltr'><strong>dictos</strong></span> 
     </span>
     <span class='ocr_line' id='line_1_33' title="bbox 290 3949 1324 4040; baseline 0.005 -26"><span class='ocrx_word' id='word_1_254' title='bbox 290 3949 380 4015; x_wconf 82' lang='lat' dir='ltr'><strong>iuiss&#39;e</strong></span> <span class='ocrx_word' id='word_1_255' title='bbox 403 3967 437 4016; x_wconf 89' lang='lat' dir='ltr'><strong>et</strong></span> <span class='ocrx_word' id='word_1_256' title='bbox 458 3954 626 4028; x_wconf 83' lang='lat' dir='ltr'><strong>Santones,</strong></span> <span class='ocrx_word' id='word_1_257' title='bbox 651 3956 773 4019; x_wconf 83' lang='lat' dir='ltr'><strong>diversa</strong></span> <span class='ocrx_word' id='word_1_258' title='bbox 797 3957 896 4018; x_wconf 85' lang='lat' dir='ltr'><strong>etiarn</strong></span> <span class='ocrx_word' id='word_1_259' title='bbox 927 3956 1114 4040; x_wconf 86' lang='lat' dir='ltr'><strong>penultima.</strong></span> <span class='ocrx_word' id='word_1_260' title='bbox 1156 3957 1270 4019; x_wconf 87' lang='lat' dir='ltr'><strong>Strabo</strong></span> <span class='ocrx_word' id='word_1_261' title='bbox 1290 3967 1324 4035; x_wconf 78' lang='grc'><strong>4.</strong></span> 
     </span>
     <span class='ocr_line' id='line_1_34' title="bbox 288 4054 1323 4148; baseline 0.007 -34"><span class='ocrx_word' id='word_1_262' title='bbox 288 4073 323 4136; x_wconf 85' lang='lat' dir='ltr'><strong>p.</strong></span> <span class='ocrx_word' id='word_1_263' title='bbox 339 4067 419 4133; x_wconf 81' lang='lat'><strong>²3¹·</strong></span> <span class='ocrx_word' id='word_1_264' title='bbox 430 4054 449 4117; x_wconf 84' lang='lat' dir='ltr'><strong>l.</strong></span> <span class='ocrx_word' id='word_1_265' title='bbox 467 4073 546 4136; x_wconf 85' lang='lat'><strong>¹9⁰·</strong></span> <span class='ocrx_word' id='word_1_266' title='bbox 563 4057 602 4119; x_wconf 88' lang='lat' dir='ltr'><strong>ad</strong></span> <span class='ocrx_word' id='word_1_267' title='bbox 617 4059 692 4120; x_wconf 85' lang='lat' dir='ltr'><strong>ostia</strong></span> <span class='ocrx_word' id='word_1_268' title='bbox 709 4058 889 4122; x_wconf 88' lang='lat' dir='ltr'><strong>Garumnae</strong></span> <span class='ocrx_word' id='word_1_269' title='bbox 905 4058 998 4122; x_wconf 88' lang='lat' dir='ltr'><strong>locat.</strong></span> <span class='ocrx_word' id='word_1_270' title='bbox 1024 4058 1226 4148; x_wconf 80' lang='lat' dir='ltr'><strong>Ptolemaeue</strong></span> <span class='ocrx_word' id='word_1_271' title='bbox 1241 4074 1275 4129; x_wconf 79' lang='lat'><strong>2,</strong></span> <span class='ocrx_word' id='word_1_272' title='bbox 1292 4071 1323 4134; x_wconf 88' lang='grc'><strong>7.</strong></span> 
     </span>
     <span class='ocr_line' id='line_1_35' title="bbox 289 4153 1324 4248; baseline 0.005 -28"><span class='ocrx_word' id='word_1_273' title='bbox 289 4153 398 4222; x_wconf 83' lang='lat' dir='ltr'><strong>verius</strong></span> <span class='ocrx_word' id='word_1_274' title='bbox 423 4159 594 4223; x_wconf 82' lang='lat' dir='ltr'><strong>meridiem</strong></span> <span class='ocrx_word' id='word_1_275' title='bbox 617 4161 842 4248; x_wconf 81' lang='lat' dir='ltr'><strong>progrediens,</strong></span> <span class='ocrx_word' id='word_1_276' title='bbox 872 4157 1012 4224; x_wconf 80' lang='lat' dir='ltr'><strong>recenset</strong></span> <span class='ocrx_word' id='word_1_277' title='bbox 1037 4157 1150 4224; x_wconf 75' lang='lat' dir='ltr'><strong>ordine</strong></span> <span class='ocrx_word' id='word_1_278' title='bbox 1165 4159 1324 4242; x_wconf 79' lang='lat' dir='ltr'><strong>Pictones,</strong></span> 
     </span>
    </p>
   </div>
   <div class='ocr_carea' id='block_1_6' title="bbox 0 0 1378 4888">
    <p class='ocr_par' dir='ltr' id='par_1_6' title="bbox 0 0 1378 4888">
     <span class='ocr_line' id='line_1_36' title="bbox 0 0 1378 4888; baseline 0 0"><span class='ocrx_word' id='word_1_279' title='bbox 0 0 1378 4888; x_wconf 95' lang='lat' dir='ltr'><strong> </strong></span> 
     </span>
    </p>
   </div>
  </div>
 </body>
</html>
