2748 4888
164 391 225 449 nu
253 393 392 450 sorar.
422 391 530 448 tter.
570 389 681 448 unt.
722 389 803 448 c.1.
843 385 923 456 te.
1029 399 1069 460 η

41 567 172 630 durant
201 578 237 628 et
261 564 334 626 [unt
356 566 423 627 loca
447 562 513 626 fere
539 563 644 626 obvie.
684 563 757 626 vid.
782 563 892 647 virgil.
913 563 946 624 in
969 563 1068 628 Catal.

43 683 164 746 11.52.
203 667 267 730 Sil.
290 669 410 736 ltal.t‚
438 677 517 744 155.
557 666 612 735 16,
639 667 722 741 560.
763 664 861 728 ovid.
884 665 1071 740 Merme,

37 785 109 848 251.
136 772 266 832 Lucan.
283 785 318 850 7,
335 780 417 845 755.
444 765 562 832 Seneca
577 769 609 827 in
623 765 759 844 Tltyelle
774 787 807 828 v.
819 783 838 844 3
845 779 902 845 52.
929 769 962 828 in
978 769 1071 832 Herc.

34 871 136 934 lunv.
155 884 246 950 325.
279 871 365 932 Plin.
382 881 416 947 4,
440 883 498 947 35.
522 865 541 930 l.
561 881 620 930 αα.
650 869 787 930 Eumen.
812 871 845 930 in
870 871 992 953 grstiar.
1011 884 1072 936 aet.

30 977 65 1034 ad
87 967 297 1035 Constantin.
326 975 406 1055 Aug.
429 989 495 1052 cap.
518 981 570 1046 ι4.
586 971 630 1030 in.
654 971 718 1032 alli.
765 967 815 1032 Cf.
842 971 1006 1035 Drakenb.
1035 973 1074 1034 ad

31 1075 82 1136 Sil.
106 1075 176 1136 ltal.
198 1093 231 1144 r,
257 1093 270 1130 ι
280 1085 340 1151 59.
399 1071 544 1133 Omnino
558 1086 663 1131 autent
680 1071 711 1131 id
729 1071 769 1132 de
785 1071 951 1152 Hispaniae
968 1073 1075 1136 fluviis

30 1178 213 1260 praedicant
237 1174 356 1234 Strabo
376 1187 407 1252 3.
430 1194 462 1254 p.
487 1193 566 1236 too.
589 1171 610 1236 l.
632 1174 711 1250 ι46.
732 1186 764 1234 et
785 1173 893 1236 lullin.
911 1185 971 1254 44.
994 1198 1022 1244 ι,
1041 1191 1076 1248 7.

32 1278 86 1339 ubi
114 1273 288 1338 baliaribus
318 1293 404 1336 nunc
431 1294 489 1356 pro
521 1271 692 1354 palerdidus
721 1293 760 1335 ex
790 1277 914 1360 egregie
939 1275 1079 1340 Salmafil

33 1381 266 1440 emendatione
284 1377 322 1435 ad
342 1377 443 1438 Solin.
460 1397 490 1457 p.
506 1377 645 1454 m.196.
668 1375 793 1460 legitur.
827 1378 918 1440 ldem
934 1392 966 1440 et
979 1377 1079 1440 hodie

33 1481 96 1542 lieri
119 1491 285 1540 memorat
312 1476 482 1561 Biilching.
504 1497 536 1560 p.
551 1497 596 1539 ru.
612 1493 643 1550 7.
671 1491 702 1538 at
725 1491 833 1539 contra
854 1493 949 1564 negat
963 1477 1080 1542 Valck-

34 1603 128 1642 mann
151 1580 188 1642 in
212 1577 312 1642 l'teile
329 1579 429 1638 durch
446 1581 586 1660 Spanieu
603 1579 675 1640 Vttl.
695 1597 724 1642 1.
741 1601 772 1660 p.
792 1597 825 1658 9.
849 1593 881 1642 et
897 1595 987 1642 antea
1003 1582 1081 1642 Har·

34 1683 150 1744 duinus
173 1683 214 1743 ad
230 1681 321 1740 Plin·
340 1694 398 1757 339
422 1695 480 1742 αι.
503 1678 523 1741 l.
546 1689 581 1758 4.
634 1675 687 1742 Sic
709 1680 748 1740 de
771 1681 798 1742 la
819 1682 943 1744 Puente
967 1679 1081 1758 (lleile

36 1785 134 1844 durch
160 1783 332 1865 Spanien)
360 1783 400 1842 T.
422 1799 453 1844 1.
474 1801 544 1866 pag.
560 1794 619 1856 23.
650 1781 705 1842 etii
728 1779 842 1844 famam
863 1783 992 1845 relicere
1014 1801 1083 1844 non

37 1883 177 1954 [affluet.
214 1885 277 1945 vix
299 1895 405 1944 tamen
427 1902 565 1963 unquam
583 1894 706 1942 tantum
725 1885 791 1944 auri
812 1885 888 1944 inde
903 1884 1085 1946 conlectum

36 2001 141 2069 putat,
170 1999 337 2068 quantum
353 1984 569 2046 columbarum
587 1985 652 2065 pari
675 1985 814 2046 emendo
834 1983 973 2050 sufficiat.
1018 1985 1086 2046 Nu·

38 2109 103 2151 mos
125 2103 240 2148 tamen
259 2089 392 2165 aurique
408 2101 548 2147 ramenta
564 2085 601 2146 ab
617 2105 710 2146 atnne
725 2087 769 2147 ait
784 2087 855 2148 elici
876 2107 907 2170 p.
926 2098 984 2170 24.
1024 2085 1086 2150 ed·

39 2192 159 2252 llrmare
185 2191 325 2250 videtur
350 2186 532 2248 'l'ownlend
555 2185 667 2271 (lleile
690 2187 788 2249 durch
807 2186 966 2270 Spanian)
990 2189 1032 2252 T.
1055 2207 1085 2250 t.

40 2313 70 2372 p.
87 2307 173 2370 239.
203 2289 267 2349 ubi
289 2301 396 2350 tamen
416 2290 615 2351 Volclrmann
638 2301 746 2360 notat.
771 2308 809 2351 ex
824 2290 901 2351 urbe
921 2291 991 2350 talia
1013 2309 1088 2352 cunt

42 2412 119 2474 aqua
140 2393 223 2454 elui.
290 2391 358 2450 Ditr
385 2403 475 2451 antea
499 2388 761 2453 defendisset.
789 2389 1004 2452 obscuriorem
1033 2389 1088 2452 luo

44 2509 189 2575 tempore
216 2505 251 2554 et
281 2510 383 2572 prope
414 2491 595 2553 exstinctam
621 2511 691 2552 eam
718 2487 834 2552 famam
861 2489 948 2554 fuiffe
977 2491 1089 2562 scribit,

45 2599 192 2656 natione
214 2593 351 2675 quidem
373 2592 498 2676 legum.
531 2613 572 2654 ne
593 2605 773 2654 commotae
794 2611 905 2655 arenae
920 2591 1091 2655 frumenta·

46 2699 108 2760 rioe
125 2715 224 2780 agros
241 2689 450 2776 depreffiores
465 2706 659 2759 nocumento
680 2694 858 2757 adficerent.
898 2697 936 2756 ln
955 2695 1092 2756 tellimo·

49 2799 135 2858 nium
156 2812 283 2866 tamen,
310 2797 424 2876 inquit,
450 2809 590 2856 cantatae
609 2795 725 2878 gloriae
742 2814 852 2878 regum
869 2795 1092 2858 Lulitanorum

50 2898 207 2981 lteptrum
230 2915 274 2960 ex
299 2897 430 2979 Tagano
455 2916 550 2972 auro,
583 2916 648 2977 quo
674 2898 783 2976 purius
810 2897 934 2957 nullum
961 2894 1094 2980 reperiri

49 2999 164 3082 petest,
202 2995 513 3066 factumetlcimus.
545 3013 576 3058 et
600 3015 665 3058 non
683 2995 778 3058 semel
795 2997 946 3060 vidimus.
996 2999 1095 3082 Quod

53 3102 164 3164 Noster
204 3119 353 3184 gemmae
387 3099 490 3168 addit,
528 3096 687 3161 obscurius
719 3097 850 3160 videtur
879 3113 913 3160 et
942 3099 1095 3184 ignotius.

53 3204 143 3265 Ferte
167 3199 263 3264 sensu
285 3201 391 3261 latiori
408 3201 562 3262 intellexit
581 3219 742 3284 gemmas,
774 3213 806 3262 et
826 3211 895 3260 turn
920 3197 1013 3282 poffie
1036 3199 1098 3262 huc

53 3301 184 3374 referre.
214 3303 305 3384 quod
325 3299 439 3364 Strabo
456 3315 488 3376 3.
507 3323 538 3384 p.
561 3321 640 3362 sot.
660 3297 680 3363 i.
700 3301 779 3383 146.
804 3301 914 3372 tradit,
939 3303 973 3362 in
989 3299 1099 3385 Hispa·

55 3425 173 3468 nurttm
198 3405 379 3467 fluviorum
401 3405 503 3463 arenis
526 3399 669 3464 auriferis
689 3401 809 3485 lapidee
832 3404 928 3464 etiam
957 3403 1098 3485 reperiri,

55 3511 174 3589 quibus
208 3524 324 3567 aurnm
355 3504 443 3573 infit,
484 3523 549 3585 quo
581 3515 716 3587 purgato
743 3503 895 3566 electrum
929 3511 1100 3570 remaneat.

56 3610 174 3672 l’enzel
199 3608 238 3668 ad
259 3605 329 3670 c.1.
354 3605 503 3690 intelligit
524 3605 663 3687 lapidem
689 3603 800 3665 Laznri
823 3619 855 3666 et
878 3603 918 3665 de
939 3625 979 3669 eo
1000 3607 1101 3670 multa

57 3709 216 3798 eougeffit
238 3709 309 3768 Vol.
332 3723 364 3770 1.
384 3727 416 3789 p.
431 3715 517 3784 443.
538 3709 578 3769 de
598 3705 714 3768 electro
737 3707 792 3770 illo
814 3725 884 3791 pag.
904 3701 987 3770 διο.
1015 3709 1102 3792 quod

56 3814 225 3877 veteribus
248 3811 349 3870 etiam
374 3808 491 3869 metalli
512 3827 612 3892 genus
632 3809 755 3868 dictum
779 3806 838 3878 eli,
871 3825 930 3868 nec
949 3811 987 3870 ad
1010 3807 1105 3873 lucci-

59 3937 139 3978 num
155 3905 322 3974 transferri
336 3909 442 3971 debet.
474 3909 545 3972 Vid.
560 3907 690 3971 Paulan.
710 3919 744 3985 5.
766 3925 820 3972 ta.
836 3904 858 3970 f.
900 3910 938 3972 lu
957 3911 1106 3995 Hispania

62 4033 172 4082 autem
196 4013 351 4098 reperiri,
377 4010 472 4074 tradit
488 4011 584 4076 etiam
598 4007 657 4078 Sil.
674 4009 743 4076 lul.
766 4028 797 4082 t,
819 4023 906 4094 229.
954 4013 1018 4078 Sed
1043 4016 1108 4082 hue
