2746 4894
200 374 251 432 ru
278 371 413 430 rous.
442 371 550 430 nar.
592 372 700 429 nm.
742 373 775 430 c.
795 375 832 432 x.
875 376 953 446 aa.
1046 385 1111 456 aar

72 545 266 627 Aethiopiae
289 553 365 606 'eam
389 543 523 606 inlulern
546 541 683 616 iaciunt,
719 543 773 606 ubi
804 545 902 610 hodie
923 549 967 612 eli
988 550 1125 615 Mada·-

72 639 206 738 gascar,
239 647 273 707 in
299 665 365 726 qrro
389 659 488 708 tractu
513 645 658 708 Pharulii
688 647 823 708 minime
849 648 944 710 locari
973 653 1108 734 poliunt.

72 750 143 813 Alii
167 749 266 811 aliter.
301 747 373 809 Vid.
393 747 479 811 Plla.
496 767 523 810 c.
543 747 565 809 l.
604 749 651 808 lta
667 767 744 809 vero
760 767 832 810 cum
846 750 915 810 aliis
937 765 969 813 et
993 753 1107 818 Nostro

71 849 159 914 Plin.
179 861 212 926 5.
231 861 263 925 8.
280 847 302 910 l.
319 857 353 926 4.
383 867 483 932 prope
505 847 736 909 Mauretaniam
757 849 796 910 ad
819 849 981 914 Oceanum
1009 855 1110 917 ollon-

73 953 142 1022 dit.
176 965 210 1012 et
235 951 401 1031 Gymnetes
424 970 441 1010 a
468 950 612 1010 nuditate
636 966 745 1020 vocat,
777 963 809 1012 et
837 971 936 1034 prope
957 954 1111 1036 Nigritae

73 1053 182 1134 ponit.
234 1051 341 1120 Certe,
367 1051 454 1132 quod
472 1050 512 1111 de
528 1048 655 1114 desertis
676 1050 753 1114 locis
774 1049 863 1136 supra
879 1053 992 1116 Noller
1012 1076 1110 1140 expo·

74 1153 155 1224 luit,
188 1151 283 1216 docet
305 1153 385 1213 ultra
406 1149 563 1214 desertum
588 1171 740 1236 magnum
764 1152 870 1214 Saralr
891 1153 998 1218 versus
1019 1158 1111 1219 Mau-
1227 1175 1229 1182 ⁴

1 1329 6 1343 Ι
73 1254 230 1316 setaniam
245 1251 403 1315 habitalle.
455 1252 609 1316 Ceterum
625 1255 799 1334 discrepare
821 1256 963 1336 lucullum
980 1259 1109 1320 videtur

75 1355 163 1418 Ptin.
176 1366 209 1433 5,
224 1367 257 1433 8.
271 1352 293 1416 i.
309 1363 344 1432 4.
368 1353 426 1415 tabi
440 1353 481 1416 i'rc
494 1355 606 1416 tradit:
633 1351 789 1443 Pluinfii.
807 1356 966 1436 quorsdam
980 1349 1106 1449 Persae,

76 1457 208 1518 comites
217 1446 322 1544 fuiffe
341 1454 491 1516 dicuutur
504 1455 650 1516 Herculis
670 1455 715 1515 aci
729 1445 925 1545 Hesperidas
939 1457 1107 1525 tendentis.

78 1556 416 1620 Offenderunt'enim
439 1557 501 1617 viri
523 1557 610 1618 docti
639 1558 671 1616 in
695 1557 812 1616 adiecta
838 1575 918 1618 voce
940 1551 1052 1648 Persae
1075 1573 1109 1622 et

75 1656 204 1722 Salmas.
223 1659 256 1717 in
271 1657 372 1720 Solin.
389 1677 421 1738 p.
436 1677 480 1721 m.
493 1671 577 1736 295.
600 1657 784 1719 emendavit
796 1648 895 1748 perf.-
911 1659 932 1720 i.
944 1679 972 1720 e.
978 1651 1108 1749 sponte,

77 1779 153 1821 cum
167 1777 227 1820 nec
241 1758 338 1828 Mela,
354 1777 449 1839 quem
465 1759 581 1820 ducem
598 1757 719 1818 secutus
734 1758 861 1818 videtur
876 1757 1008 1830 Plinius,
1030 1765 1111 1825 eius-

76 1861 169 1922 modi
186 1861 306 1943 aliquid
323 1859 452 1929 indicet,
469 1879 527 1920 nec
542 1860 680 1926 Solinus.
705 1857 802 1918 Plinii
816 1860 1017 1940 epitomator,
1035 1863 1110 1924 Per·

76 1959 124 2024 ire
146 1973 379 2024 commemoret
400 1978 466 2040 cap.
484 1968 542 2037 34.
559 1956 580 2019 l.
599 1973 656 2036 51.
673 1957 695 2020 f.
728 1959 897 2022 Pintianue
919 1959 1014 2022 refert
1031 1965 1108 2028 alios

76 2061 228 2126 voluiffe:
254 2081 332 2142 pars
349 2081 371 2120 a
389 2057 553 2121 comitibus
572 2061 623 2122 vel
645 2080 667 2120 a
691 2061 856 2122 comitatu.
895 2063 938 2122 At
955 2061 1110 2148 refragan-

77 2178 131 2227 tur
148 2161 285 2225 Codices
308 2175 497 2240 tuenturque
514 2179 569 2223 eos
588 2161 723 2222 aliorum
743 2160 928 2222 testimonia.
982 2163 1110 2248 Nempe

76 2265 205 2328 Plinius
222 2263 310 2324 vult:
342 2260 507 2323 Pharusros
521 2261 684 2343 quondam
700 2259 805 2322 Persae
824 2257 927 2330 inille.
950 2265 998 2322 uti
1015 2266 1112 2328 rerba

77 2367 166 2428 necti
180 2377 213 2426 et
229 2363 364 2446 intelllgi
378 2361 507 2424 debent.
559 2363 606 2423 lta
626 2381 703 2423 vero
721 2357 844 2424 Voffius
861 2363 975 2443 aliique
993 2367 1111 2428 docent

78 2487 119 2530 ex
140 2464 285 2528 Sallulllo
307 2466 378 2548 lug.
401 2473 454 2538 ιθ,
472 2475 504 2542 5.
532 2460 589 2522 ubi
609 2461 649 2524 de
664 2462 810 2524 Herculis
832 2465 950 2525 mortui
970 2469 1112 2528 exercitu

77 2567 115 2630 in
130 2564 267 2629 diversas
284 2583 351 2626 oras
367 2561 484 2646 dilaplo
502 2561 557 2624 src:
593 2563 650 2624 Ex
663 2584 698 2623 eo
718 2583 843 2625 aurrero
861 2563 967 2635 Medi,
995 2558 1113 2658 Persae
1141 2631 1145 2644 ,

78 2681 112 2731 et
123 2667 255 2731 Armeni
273 2661 408 2726 navibus
424 2665 457 2724 t'a
471 2653 617 2750 Africam
637 2665 820 2734 transvecti,
845 2684 1016 2742 prroxumos
1032 2669 1114 2730 mori

78 2767 188 2860 aoslro
219 2767 305 2829 ‘loom
334 2783 533 2842 occupavere.
593 2763 654 2824 sea
687 2755 801 2852 Persae
831 2767 919 2826 issara
951 2765 1112 2830 Oceanum

78 2871 254 2950 magis-
284 2884 379 2949 quem
398 2864 508 2925 locum
534 2861 609 2924 inde
628 2865 756 2944 repetiit
780 2865 887 2926 lfidor.
912 2865 1000 2948 Orig.
1020 2886 1053 2945 9,
1077 2885 1111 2932 a.

79 2969 210 3051 Nempe
226 2967 365 3031 eundem
381 2965 475 3025 litum
490 2963 535 3024 ibi
551 2962 648 3025 Persae
661 2963 780 3032 tribuit,
803 2983 898 3043 quem
912 2963 1114 3029 Nollerl’ha·

79 3071 180 3141 milis.
203 3082 240 3130 ut
253 3071 291 3130 ad
307 3063 438 3130 eosdem
451 3062 559 3127 referri
573 3063 667 3146 polle,
690 3064 792 3124 immo
807 3063 931 3135 debere,
955 3067 1110 3132 videatur.

78 3169 216 3236 Direrle
239 3169 334 3231 tradit
354 3164 466 3229 Strabo
487 3180 543 3242 17.
569 3183 602 3246 p.
617 3177 701 3241 570.
723 3163 744 3226 l.
765 3175 848 3241 823.
873 3184 913 3226 ex
932 3165 1112 3246 aliquorum

79 3270 325 3340 narrationibus,
348 3266 478 3330 Mauros
493 3267 590 3328 ludos
605 3263 702 3334 inille.
726 3265 895 3326 Herculem
909 3267 941 3325 in
956 3265 1032 3327 haec
1046 3269 1114 3331 loca

80 3374 218 3437 secutos.
256 3367 424 3453 Quidquid
437 3365 497 3438 eil,
523 3385 562 3428 ex
577 3366 626 3428 his
641 3366 719 3428 locis
739 3385 812 3426 cum
830 3365 913 3426 Mela
927 3375 1115 3448 comparatis

81 3475 201 3545 elucet.
227 3469 332 3534 Perias
346 3481 380 3531 et
391 3467 523 3529 Mauros
536 3467 707 3528 Herculem
725 3467 892 3528 comitatos
906 3466 971 3528 huc
985 3469 1114 3544 venille,

81 3575 141 3636 ubi
155 3569 414 3636 MelaPharulios
430 3569 534 3650 ponit.
560 3567 670 3629 Atella
687 3579 789 3629 narrat
800 3567 894 3638 Mela.
909 3587 973 3648 quo
988 3585 1117 3635 auctore

81 3674 228 3740 Pharulii
242 3691 309 3734 non
325 3689 398 3733 cum
414 3668 552 3730 Hercule
569 3669 782 3740 asirenerunt,
805 3665 857 3729 led
872 3687 947 3729 cum
964 3669 1118 3736 Hercules

82 3776 151 3838 huc
171 3771 345 3860 progrellus
361 3769 451 3840 ellet,
480 3788 516 3831 ea
530 3769 598 3829 loca
620 3765 685 3830 iam
702 3780 884 3832 tenuerunt.
936 3769 1117 3852 Aliquando

84 3879 176 3940 enim
196 3895 236 3938 ex
259 3870 460 3956 obpoiitioue
481 3867 545 3932 aori
559 3889 643 3930 nunc
661 3872 800 3951 pertinet
820 3868 967 3940 addices,
994 3889 1062 3932 non
1076 3874 1116 3934 ad

84 3975 250 4052 tradente,
282 3972 372 4057 quod
390 3981 423 4032 et
445 3971 577 4055 agnovit
599 3969 757 4055 Hispanus
779 3971 933 4051 interpres
953 3985 987 4033 et
1007 3967 1117 4038 contra

134 4091 234 4171 Pomp.
250 4088 343 4146 Mela.
353 4135 354 4142 ,
363 4087 479 4160 accegae.
492 4086 533 4144 L.
543 4085 597 4144 111.
829 4071 860 4132 D
873 4071 896 4132 d
