2650 4896
139 465 187 526 nt
212 467 349 527 roua.
379 467 489 528 mur..
530 469 565 525 1..
586 471 638 524 ur.
681 469 715 527 e
736 469 802 534 rtr-
843 469 922 541 tr.
948 439 962 460 ⁰
991 481 1053 548 tto
1092 487 1095 494 ’

29 653 129 705 morat.
164 637 333 704 Describit
350 659 391 702 ex
409 639 542 703 Chresto
566 655 598 703 et
620 637 656 702 in
672 638 848 726 Aethiopia
863 661 967 728 prope
982 645 1053 708 leh·

29 742 218 824 thyophagoa
235 739 335 826 ponit
349 743 396 803 lo.
410 743 521 820 Lydus
538 743 579 803 de
596 743 757 804 mensibus
774 739 810 804 in
826 741 912 806 Iulio
931 765 1002 829 eap.
1019 759 1052 823 3.

29 839 101 905 Plin.
118 843 150 914 6,
169 861 227 906 eo.
245 841 269 905 l.
292 859 345 920 17.
370 843 647 924 Anthropophagi.
672 839 795 927 inquit,
823 844 960 928 Scythae
978 842 1055 936 inst·

30 943 101 1014 dent,
123 944 276 1007 humanis
288 941 469 1026 corporibus
483 935 650 1035 vescentes.
690 943 742 1007 cf.
760 941 892 1008 Solinus
907 965 977 1030 cap.
992 959 1052 1024 50.

28 1041 164 1112 Martian.
183 1041 245 1109 lib.
266 1047 300 1109 6.
320 1067 353 1130 p.
366 1063 408 1106 aa
415 1059 446 1124 3.
471 1044 523 1110 ed.
546 1041 653 1106 Grotii
681 1060 713 1106 et
733 1045 947 1128 Palaephatus
971 1067 998 1109 c.
1017 1056 1052 1126 4.

27 1143 145 1223 Dionys
167 1168 198 1208 v.
226 1155 333 1223 ¹⁰88·
364 1141 493 1212 νοτίους
520 1139 665 1212 Σκύθας
691 1145 789 1208 habet
811 1145 852 1206 ad
874 1147 992 1214 Indum
1014 1148 1053 1221 ft.

28 1245 169 1308 Ceterum
185 1248 228 1310 sio
245 1245 346 1308 multi
366 1243 402 1306 in
421 1243 570 1308 America
582 1241 699 1329 populi
719 1243 837 1312 inculti
859 1261 892 1309 et
910 1246 1051 1320 barbari.

26 1344 94 1408 Vide
109 1345 207 1409 Iselin
223 1347 342 1413 Geseh.
358 1347 417 1420 der
427 1343 635 1420 Menschheit
650 1349 690 1414 T.
708 1370 736 1422 r,
758 1367 831 1432 pag.
852 1362 933 1418 alte.
951 1350 1002 1422 ed.
1018 1361 1053 1430 5,

29 1463 55 1513 et
72 1467 148 1534 quot
170 1450 297 1524 laudat.

91 1649 248 1736 Saeua)
298 1651 354 1715 Gr.
376 1643 498 1722 Σάκαι.
541 1649 676 1731 Scythae
702 1645 749 1714 ita
781 1646 918 1716 omniuo
945 1647 1053 1716 dictet
1136 1713 1137 1717 ,

29 1747 107 1814 soille
120 1768 241 1815 monet
255 1753 440 1837 Stephanus
456 1753 488 1815 h.
504 1773 536 1816 v.
554 1765 588 1814 et
601 1772 619 1814 a
632 1753 734 1814 Persrt
749 1753 871 1816 Herod.
887 1767 920 1830 7,
936 1755 993 1834 64.
1013 1775 1053 1816 ex

30 1871 83 1936 quo
97 1849 152 1914 alii
172 1851 391 1940 repetierunt.
427 1851 499 1917 vid.
510 1849 595 1916 Plin.
611 1855 645 1923 6,
666 1871 720 1932 ¹9·
738 1852 760 1919 s.
783 1869 836 1928 17.
859 1868 891 1916 et
906 1851 954 1916 ibi
970 1855 1052 1918 Har-

30 1951 136 2016 duinue
153 1975 241 2040 quoa
258 1955 380 2018 laudat.
419 1951 475 2020 Sio
490 1971 621 2038 gentem
637 1950 825 2034 Scythicam
845 1955 934 2018 Aliae
955 1969 1053 2020 vocat

32 2051 143 2119 Arrian.
164 2057 209 2118 de
230 2078 304 2141 erp.
324 2059 413 2120 Alex.
432 2071 465 2133 3,
483 2067 516 2132 8,
538 2068 570 2134 5.
610 2053 661 2120 Cs.
686 2051 839 2118 Perizon.
862 2055 903 2118 ad
926 2054 1050 2120 helian.

29 2155 56 2216 V.
71 2157 108 2218 H.
128 2176 184 2228 re,
202 2168 262 2234 58.
298 2155 434 2220 sedium
452 2155 602 2218 ordinem
619 2171 726 2230 tenet,
751 2152 838 2219 inter
853 2155 1002 2220 Baetrioe
1020 2172 1053 2220 et

30 2255 115 2321 lndot
130 2255 238 2340 ponit.
283 2259 399 2321 Strabo
421 2281 475 2320 rr.
494 2277 567 2342 pag.
582 2257 708 2336 35e.1s.
726 2269 767 2336 5¹
782 2281 809 2320 r.
830 2259 915 2319 Duas
934 2255 1013 2320 inde
1033 2279 1052 2322 a

31 2353 132 2439 Caspio
147 2356 235 2420 mari
250 2356 405 2421 habitasse
420 2356 520 2431 dicit,
547 2355 686 2420 ulterius
706 2357 747 2420 ad
765 2355 926 2420 orientem
942 2359 1052 2422 Massa·

31 2472 107 2538 getes
126 2475 159 2521 et
178 2463 298 2532 Sacae,
330 2481 443 2522 omnes
467 2461 613 2538 Scythae.
664 2457 773 2520 Postea
797 2459 837 2521 tle
860 2479 976 2522 eorum
999 2480 1051 2521 ex·

32 2558 224 2622 tortoribus
244 2559 279 2622 in
294 2558 372 2622 alias
388 2557 538 2644 regiones
555 2562 648 2644 plura
665 2557 840 2643 subiungit.
881 2561 931 2622 Ad
947 2564 1054 2624 laxar-

33 2672 88 2720 tem
101 2659 133 2724 ss.
150 2659 250 2744 ponit
264 2659 397 2742 Dionys.
413 2683 444 2727 v.
461 2674 543 2740 750.
578 2663 628 2720 De
644 2681 760 2722 eorum
775 2659 904 2724 sedibus
921 2677 953 2725 et
966 2679 1051 2726 terra

31 2757 177 2840 peculiari
201 2759 420 2846 descriptione
442 2759 591 2845 exposuit
611 2763 819 2824 Ptolemaeus
842 2763 875 2834 6,
906 2779 959 2841 13.
991 2761 1051 2825 ubi

34 2857 119 2922 etiam
139 2859 177 2924 in
204 2859 331 2926 vicinia
352 2859 562 2946 reperiuntur
584 2861 793 2946 Massagetae;
827 2864 940 2924 Dahae
964 2863 1052 2948 apud

32 2959 104 3025 Pliu.
119 2966 152 3039 6,
174 2963 270 3044 19.s.
293 2981 346 3040 17.
389 2961 550 3042 Hyrcania
572 2961 730 3026 finitimae
753 2960 832 3025 fucit
847 2965 996 3048 Xenoph.
1015 2963 1051 3026 in

35 3061 201 3147 Cyropaed.
221 3079 254 3142 5,
273 3082 305 3134 a,
323 3077 380 3144 25.
405 3061 587 3127 Bactrianis
600 3062 762 3130 ammian.
781 3079 839 3142 23,
856 3067 888 3129 6.
912 3080 1051 3149 uterque

33 3181 90 3233 non
110 3163 181 3228 satis
200 3181 350 3229 accurate
372 3185 411 3227 ex
431 3163 571 3227 aliorum
587 3161 742 3238 indiciis,
770 3163 888 3249 siquid
910 3164 951 3227 de
965 3185 1050 3248 vago

34 3267 142 3355 populo
164 3263 325 3338 constitui.
337 3265 449 3350 potest.
500 3266 586 3338 Cum
601 3267 701 3338 Persia
722 3263 896 3360 coniungit
910 3267 1051 3338 Mamer.

34 3359 109 3426 tinue
125 3363 160 3428 in
172 3369 332 3451 Panegyr.
346 3365 381 3428 in
396 3367 548 3430 Genethl.
564 3363 759 3429 Maximiani
776 3387 843 3458 cap.
861 3383 914 3444 17.
938 3387 1050 3452 quam·

35 3459 76 3526 ris
95 3465 230 3530 ulterius
249 3467 360 3530 versut
384 3465 545 3530 orientem
563 3484 596 3530 et
612 3463 876 3552 septemtrionem
898 3465 1052 3530 habitasse

37 3581 69 3626 tx
80 3568 189 3634 Noslro
205 3585 237 3637 et
253 3565 472 3652 superioribus
487 3567 693 3652 intelligitur.
731 3565 900 3638 D’Anville
916 3565 954 3640 in
968 3565 1051 3630 anti-

38 3663 113 3747 qnite‘
134 3667 378 3754 geographique
401 3669 441 3736 de
462 3671 569 3734 l’lntle
593 3689 665 3753 pag.
687 3687 771 3748 eoo.
791 3683 884 3753 putat
910 3665 1050 3753 reperiri

36 3763 122 3830 hodie
141 3791 264 3842 nomen
284 3771 438 3835 Sacarum
458 3767 494 3832 in
512 3772 639 3842 Solita.
665 3768 722 3855 qui
740 3785 861 3834 tractat
874 3768 1052 3836 contermi-

38 3885 89 3929 nus
102 3870 141 3931 est
155 3869 214 3942 iia,
242 3869 296 3956 qui
313 3887 473 3942 vocantur
491 3871 526 3934 V
526 3873 585 3934 aasz
599 3885 631 3933 et
650 3871 703 3944 Gis
717 3871 758 3937 atl
777 3870 883 3939 Oxum
902 3871 924 3934 s.
943 3871 1050 3940 Gistou

38 3969 131 4034 versut
145 3969 427 4056 septemtrionem,
453 3969 511 4032 ubi
527 3969 661 4056 antiqua
675 3969 855 4055 Sogdiana,
880 3970 982 4057 idque
999 3970 1053 4045 in.

36 4067 127 4154 'telligi
148 4069 230 4136 dieit
253 4095 293 4135 ex
308 4071 513 4156 Geographia
531 4069 666 4135 Arabica
685 4070 822 4163 Edrifit',
850 4071 1054 4138 adsentiente

39 4169 132 4236 tabula
147 4169 196 4236 illi
212 4171 374 4239 artianeta
409 4173 461 4239 Cs.
480 4171 571 4237 idem
587 4170 624 4237 iu
639 4170 823 4248 Memoirea
836 4207 886 4226 —
905 4174 947 4237 tlt
960 4171 1053 4247 Parit,
