2650 4896
143 401 499 464 intonetur.
538 400 576 462 t.
595 403 648 460 nr.
688 401 723 462 c.
743 404 808 466 vn.
849 402 928 475 ee.
993 401 1054 483 ιο,

15 579 112 648 [emti
136 576 213 640 sunt
232 575 290 660 ipsr
315 588 477 647 anctoree.
509 593 584 639 enm
606 573 755 640 dixerunt
780 567 980 670 Caucasum,
1006 581 1056 644 nti

16 680 130 746 diserte
152 677 263 742 scribit
281 679 403 742 dnian.
421 689 454 757 5.
471 689 505 754 3.
545 677 692 740 dlioronr
709 680 778 742 lnce
794 679 883 741 dabit
898 679 1056 744 Cellarine

16 783 471 866 inGeogr.ant.3.en.1.
511 775 563 842 cl.
582 779 679 840 etiam
703 781 741 842 nd
767 794 799 860 3.
820 791 853 858 5.
872 781 906 844 6.
957 781 1056 845 Addit

16 883 134 948 Strebo
158 895 212 960 15.
236 902 308 966 pag.
326 891 412 962 474.
431 879 453 944 s.
470 880 555 959 689.
579 879 658 942 alioe
673 882 783 943 lndiee
800 895 938 953 montet.
963 885 997 944 in
1014 885 1056 948 iie

14 987 202 1056 amodum,
228 985 365 1044 Imaum.
421 981 505 1050 Atti.
530 981 565 1042 in
589 981 638 1043 hie
656 982 755 1044 etiam
780 981 928 1054 Contine,
952 985 1055 1048 Arria·

14 1107 81 1156 nne.
120 1082 306 1148 Caucasum
330 1079 528 1167 distinguunt
554 1081 594 1142 ab
620 1081 835 1165 Paropamiso,
870 1085 918 1146 uti
944 1085 1056 1148 docuit

14 1188 176 1252 Cellarine
191 1186 255 1248 c.l.
290 1183 448 1265 Equidem
465 1201 504 1244 ex
522 1181 679 1246 Strabone
693 1186 818 1268 explico
836 1187 886 1256 sic,
909 1199 946 1246 ut
958 1187 1057 1250 Paro·

12 1287 161 1375 pomisne
193 1286 231 1348 lit
251 1283 403 1368 superiori
433 1281 521 1346 sensu
543 1283 765 1346 caucasiorum
794 1288 957 1350 montium
974 1308 1057 1372 pare.

13 1411 110 1474 quam
129 1387 266 1470 proprio
282 1385 416 1447 nomine
431 1397 555 1456 notant,
577 1381 688 1466 peiltm
706 1388 803 1448 etiarn
819 1387 955 1450 omnino
971 1388 1057 1452 Cen-

13 1492 71 1554 easi
90 1489 234 1551 nomine
255 1487 521 1568 complectuntur.
571 1485 664 1546 liiarn
680 1499 788 1550 tamen
806 1488 1057 1570 adpellationenr

14 1594 148 1654 dudam
166 1588 229 1652 esse
247 1586 286 1648 ab
302 1588 456 1649 lndornrn
467 1604 547 1648 enee
562 1587 654 1648 Klroo
672 1586 693 1652 s.
708 1589 815 1661 Kirna,
833 1603 925 1671 putat
939 1591 1056 1672 Bayer.

15 1713 41 1756 t.
57 1693 80 1755 l.
98 1711 180 1776 pag.
198 1701 233 1768 8.
273 1686 320 1752 th
339 1684 543 1770 Parapamiso
554 1688 644 1770 regio
660 1689 797 1750 finitima
815 1709 936 1753 nomen
951 1691 1057 1764 traxit.

14 1789 338 1874 Paropamisadarnm
356 1789 455 1873 regio.
482 1786 545 1858 vel,
566 1787 614 1848 nti
630 1788 673 1850 eit
687 1790 720 1850 in
737 1789 956 1858 CodArriani
971 1805 1005 1870 5.
1021 1807 1057 1872 3.

13 1899 158 1977 optimo,
188 1890 344 1973 probante
363 1889 539 1959 Gronovio,
563 1886 808 1980 Παροπαμισᾰς
828 1885 938 1980 χώρα.
972 1895 1057 1956 Eem

14 1993 184 2077 descripsit
198 1992 333 2055 Diodor.
349 1991 411 2054 Sic.
427 2005 481 2064 17.
495 2002 552 2067 82.
569 1989 700 2053 nivibue
715 1990 895 2072 obpletam‚
918 1995 1058 2056 maxime

13 2115 53 2158 ex
75 2109 175 2178 parte
196 2094 341 2176 planam,
367 2089 533 2154 arboribne
556 2089 687 2161 orbam.
713 2089 934 2160 sterilemiere
950 2107 983 2156 et
1004 2094 1058 2158 tri·
1147 2109 1153 2121 ¹

14 2197 114 2268 sian,
142 2197 262 2276 inquo
284 2189 534 2255 consentientem
552 2190 650 2254 habet
665 2192 815 2256 Curtium
834 2208 866 2270 7,
883 2208 916 2274 3,
932 2197 967 2260 6.
989 2215 1059 2280 gra·

13 2300 102 2361 riter
128 2297 197 2358 hoo
221 2295 355 2357 nomine
381 2291 565 2377 castigatum
594 2311 612 2354 a
639 2291 765 2356 clerieo
789 2295 823 2356 in
849 2310 915 2357 erte
936 2296 1058 2360 Critica

13 2399 52 2463 P.
69 2413 107 2479 5.
125 2399 214 2462 Sect.
227 2409 260 2474 3.
277 2413 347 2478 cap.
366 2409 399 2458 α.
423 2412 454 2475 p.
471 2413 515 2456 m.
533 2401 619 2474 403.
641 2413 714 2456 cnm
733 2394 794 2456 alie
814 2397 922 2463 omnia
942 2395 990 2458 ibi
1009 2417 1060 2461 re·

12 2502 200 2584 periantnr.
251 2497 291 2557 tt
308 2495 353 2556 ita
370 2513 409 2557 ex
426 2505 569 2556 veterum
587 2494 649 2556 fide
670 2496 820 2557 traditum
840 2495 918 2568 elle,
947 2497 1061 2560 doenit

13 2603 173 2664 Perizon.
189 2597 228 2659 ed
241 2597 364 2659 Aelian.
381 2597 419 2658 V.
433 2595 476 2657 H.
490 2609 544 2664 to.
563 2607 621 2673 37.
651 2595 863 2679 Gentiumque
878 2598 1061 2662 vindicavit

12 2705 120 2766 etiem
145 2701 182 2760 in
202 2697 272 2760 eine
293 2697 419 2760 vindic.
439 2715 471 2778 p.
494 2711 563 2760 too
581 2693 646 2790 sqq.
697 2695 749 2762 cf.
772 2699 852 2762 item
874 2698 1059 2790 wesseling.

13 2805 56 2865 ed
73 2801 216 2865 Diodor.
230 2817 256 2860 e.
274 2798 296 2860 l.

96 3015 139 3064 et
165 2999 254 3062 alie
272 3031 324 3048 -
338 2989 444 3091 sed)
482 3001 535 3065 De
552 3000 614 3063 hee
628 2997 734 3064 sonna
750 2999 817 3066 vid.
834 2999 874 3064 ed
891 3015 925 3075 Ω,
941 3001 974 3075 6.
990 3001 1025 3068 6.

106 3201 276 3284 Cophen
285 3198 304 3281 )
354 3202 406 3264 De
421 3204 511 3265 veria
532 3202 746 3266 declinatione
763 3215 798 3265 et
814 3200 917 3265 sonna
937 3201 1066 3284 dietum&

14 3305 67 3372 esi
82 3307 119 3367 in
136 3315 207 3366 not.
223 3303 292 3364 crit.
307 3321 381 3389 pag.
398 3305 481 3384 246.
529 3302 667 3367 Cursum
683 3304 753 3367 eine
768 3300 838 3367 satie
852 3303 985 3365 denotat
1000 3303 1061 3365 iter

15 3404 202 3474 Alexandri
222 3405 267 3465 eie
286 3401 405 3467 lnclum
424 3403 531 3468 rersne
554 3407 765 3470 occidentem.
817 3406 901 3466 Ante
917 3403 1004 3464 enim
1018 3403 1061 3464 ed

15 3507 169 3591 Cophen
190 3503 298 3576 venit,
330 3523 427 3586 quarn
450 3505 569 3566 lndnm
592 3505 717 3590 adtigit.
769 3504 842 3568 Vid.
862 3503 976 3569 Strabo
1003 3517 1059 3582 15.

12 3631 54 3694 p.
71 3617 162 3685 430.
181 3603 205 3668 s.
224 3605 308 3682 697.
334 3606 456 3669 Anien.
474 3615 508 3686 4.
527 3622 586 3670 ott.
602 3619 634 3669 et
651 3617 684 3684 5.
705 3625 735 3670 t.
773 3607 817 3668 Et
837 3605 912 3668 hinc
926 3605 1009 3671 Plin.
1026 3604 1059 3676 6.

19 3727 47 3775 α
58 3731 90 3770 ι.
108 3706 130 3770 s.
152 3720 205 3782 17.
222 3703 304 3766 Inde
317 3709 345 3782 (e
361 3705 521 3788 Cophete)
542 3707 587 3768 ad
596 3701 720 3794 flumen
733 3706 863 3780 Indum,
888 3707 976 3769 unde
989 3723 1061 3789 pro·

15 3809 174 3896 greditnr
188 3805 228 3866 atl
240 3803 412 3888 Hydaspen
426 3837 479 3855 ·-··
492 3820 526 3868 et
542 3809 645 3890 magia
657 3806 770 3870 diserte
788 3808 822 3881 6,
839 3821 897 3884 23.
908 3805 929 3872 s.
941 3823 1001 3872 nt.
1014 3809 1061 3872 in.
1091 3827 1095 3837 ·

20 3909 205 3988 Cepheum
227 3905 373 3968 ultimum
385 3905 487 3997 finem
507 3909 660 3985 (Indiae)
678 3919 783 3972 vocet.
821 3908 944 3974 Arrian.
962 3920 996 3987 5.
1012 3909 1058 3970 in.
1080 3987 1083 3992 Ι

17 4009 150 4090 Nysam
171 4009 254 4068 inter
275 4025 352 4069 enm
371 4023 405 4069 et
424 4007 542 4070 lndnm
556 4009 662 4091 ponit.
713 4009 763 4070 De
778 4026 817 4071 eo
833 4009 875 4072 lio
890 4009 1004 4072 Anien.
1027 4011 1061 4072 in

15 4114 148 4198 puieg.
172 4129 206 4174 r.
228 4119 334 4188 1545.
363 4107 488 4174 Tertius
510 4103 600 4198 (poll
624 4105 798 4193 Hydaspen
819 4121 854 4173 et
875 4107 1062 4196 taonem)
