2748 4888
162 369 388 429 meone.
418 367 527 424 not.
570 366 680 422 aut.
722 366 756 428 o.
777 369 802 423 1.
844 367 942 437 ιω.
1035 375 1074 444 4¹

104 535 133 637 s
136 567 161 626 p
176 565 202 606 a
215 555 234 605 t
247 545 261 604 i
271 563 294 603 a
308 563 339 602 m
356 538 437 622 -)
486 542 573 604 Haec
588 541 629 602 ita
645 539 769 603 Plinino
782 547 817 619 4,
834 549 893 620 34.
910 537 931 603 i.
950 555 1010 606 no.
1027 561 1080 606 ox·

50 649 160 735 pinit:
198 647 233 708 A
254 643 409 728 Pyrenaei
432 643 649 724 proettottwn'o
674 631 839 734 Hispania
862 643 990 723 ncipit.
1024 665 1080 706 aa·

46 751 156 842 gafiior
190 767 260 808 non
290 745 396 808 Gallia
419 743 530 816 modo,
562 745 785 808 venenatam
806 732 997 836 semetipsa,
1024 747 1081 806 im·

42 841 173 942 anasum
199 860 360 931 quaenam
381 847 455 907 hinc
474 846 619 917 Oceano,
653 845 739 906 illinc
757 842 877 907 Iberieo
897 850 979 908 mari
999 867 1081 908 com·

38 949 257 1034 prienentibus.
296 946 347 1010 Cf.
367 961 399 1028 5,
421 958 457 1026 4.
479 947 552 1027 123.
575 946 599 1010 f.
624 945 682 1008 ubi
708 946 912 1010 latitudinem
934 967 951 1008 a
973 949 1082 1012 Tarra·

37 1071 113 1116 oone
135 1055 176 1114 ati
199 1053 281 1114 litua
298 1047 457 1114 oiarsonis
477 1051 583 1114 statuit
600 1063 670 1130 507
689 1047 737 1112 M.
758 1047 796 1112 P.
839 1049 890 1112 De
907 1047 1084 1114 Cantabris

35 1157 102 1218 vid.
126 1153 237 1238 [upra.

115 1351 336 1436 Varduli)
370 1353 417 1418 td
432 1353 597 1418 Oceanum
612 1373 687 1418 cum
698 1353 864 1419 Cantabria
879 1355 972 1439 pouit
987 1355 1084 1419 etiam

38 1459 121 1523 Ptin.
138 1473 174 1538 3,
191 1468 233 1536 4.
250 1455 272 1520 i.
291 1471 325 1534 3.
345 1473 378 1519 et
392 1455 454 1518 mie
471 1459 587 1539 aliquae
603 1457 696 1519 urben
713 1457 839 1528 tribuit,
863 1458 898 1518 in
914 1457 1028 1539 quibua
1043 1457 1086 1520 est

38 1553 210 1651 Menosca,
238 1579 335 1640 quam
352 1577 449 1618 unam
471 1558 567 1622 habet
582 1559 720 1624 Ptolem.
740 1575 773 1632 2.
790 1559 824 1625 6.
841 1561 876 1621 in
890 1559 995 1632 litore,
1017 1560 1088 1644 plu·

39 1683 87 1726 ree
110 1665 147 1724 in
173 1661 328 1723 interiori
352 1660 493 1746 regione.

112 1860 259 1956 nostro
292 1861 385 1944 are)
436 1861 499 1924 Hic
520 1875 701 1946 praetextae
723 1860 812 1946 saepe
834 1861 958 1924 adiuvit
972 1861 1089 1924 Roma·

44 1985 100 2028 noe
122 1971 262 2036 inertes,
288 1979 325 2026 ut
339 1962 425 2045 qnasi
442 1967 510 2026 iure
526 1964 767 2028 absterrerentur
782 1965 822 2026 ab
840 1963 1011 2032 laboribus,
1034 1966 1090 2046 qui

48 2084 132 2130 tanto
153 2079 228 2128 erat
252 2064 477 2137 excusabilior,
504 2067 658 2147 quoniam
676 2067 732 2150 ipsi
753 2067 848 2128 etiam
871 2067 932 2126 viri
953 2067 1040 2127 docti
1057 2079 1090 2127 et

48 2169 193 2230 laboaiofi
221 2163 333 2249 paffim
362 2167 477 2228 eodem
500 2181 650 2238 utuntur,
683 2181 779 2250 prout
799 2168 839 2230 fic
860 2167 989 2230 Servius
1012 2167 1091 2230 dicit

49 2273 86 2332 de
103 2272 267 2355 Virgilio,
295 2287 392 2354 quum
409 2288 457 2330 reo
474 2269 514 2331 R.
536 2269 668 2332 inchoat
684 2266 821 2331 offensus
839 2270 967 2330 materia
983 2283 1015 2330 et
1034 2287 1092 2331 no·

50 2373 176 2432 minum
201 2367 368 2452 asperitate
393 2371 431 2430 ad
458 2371 560 2454 eclog.
579 2371 612 2436 6.
635 2383 668 2450 5.
719 2372 804 2431 Hinc
826 2371 924 2432 Ovid.
948 2369 1039 2433 Tritt
1058 2385 1091 2450 3.

57 2495 110 2544 to,
127 2487 161 2550 5.
186 2473 402 2533 Sauromatae
417 2471 557 2551 cingunt.
573 2463 753 2562 satagens.
773 2467 914 2562 Beffiqua
925 2471 1092 2554 Getaeque.

53 2573 157 2666 Quam
174 2593 243 2634 noa
258 2573 382 2653 ingenio
398 2574 527 2632 nomina
545 2573 645 2654 digna
660 2573 743 2638 meo!
769 2593 793 2634 1.
813 2571 1094 2636 ououovtvaMS.

53 2676 182 2757 Nempe
211 2675 324 2735 Graeci
349 2685 382 2735 et
407 2675 546 2735 Romani
573 2675 671 2736 multa
698 2674 829 2736 nomina
852 2672 1094 2756 subprelietunt.

53 2780 122 2858 qnia
140 2776 295 2837 barbaros
313 2773 404 2837 iouoe
419 2775 502 2836 exosa
521 2789 620 2838 erant.
648 2775 772 2838 Pliniue
787 2772 851 2859 ipse
868 2773 956 2858 [nepe
970 2789 1096 2837 tantum

56 2880 168 2940 latiali
193 2875 341 2940 sermone
361 2875 448 2938 dictu
467 2873 568 2938 facilia
588 2875 705 2948 adfert.
731 2880 780 2938 uti
803 2890 910 2960 aperte
931 2879 1097 2960 profitetur

56 2983 92 3042 de
119 2977 299 3060 Hispaniae
323 2976 458 3039 urbibus
483 2991 516 3054 3,
540 2993 573 3056 3.
598 2976 618 3041 i.
641 2998 670 3041 ι.
722 2979 828 3040 Evicit
856 2993 962 3040 tamen
993 2975 1098 3060 postea

55 3083 277 3144 Ptolemaeus.
328 3081 378 3140 Do
393 3077 555 3160 asperitate
569 3081 741 3140 nominum
758 3081 879 3161 aliquot
894 3081 1099 3163 propriorum

57 3185 196 3268 expiioat
216 3181 316 3242 etiam
329 3180 523 3245 Oihenartua
536 3183 570 3243 in
584 3183 678 3244 notit.
694 3179 823 3245 Vascon.
841 3201 872 3253 ι,
891 3197 947 3272 tn.

138 3385 359 3449 concanos
368 3381 387 3466 )
424 3380 474 3448 cf.
491 3386 526 3448 in
542 3399 611 3450 not.
630 3385 699 3450 orit.
714 3406 786 3471 pag.
801 3395 863 3467 49.
902 3384 1023 3467 Equini
1038 3380 1101 3446 ian·

59 3489 170 3573 guinis
186 3499 270 3569 potu
285 3486 458 3549 delectatos
473 3485 571 3559 iuiffe,
586 3487 728 3551 indicant
741 3489 852 3552 Horat.
870 3500 903 3568 5.
921 3488 974 3550 od.
989 3499 1025 3565 4,
1043 3495 1101 3564 54.

59 3591 119 3655 Sil.
138 3589 209 3651 ital.
227 3601 263 3665 3,
278 3589 364 3667 561.
391 3586 492 3652 tutte
507 3609 546 3652 ex
562 3589 727 3654 Cantabria
744 3590 863 3652 indicat
875 3589 1012 3650 Ptolem.
1026 3589 1102 3658 ao.

60 3695 119 3774 qui
142 3693 178 3752 in
197 3687 365 3753 Cantabria
386 3689 535 3773 producit
556 3691 669 3754 urbem
686 3684 839 3756 Κονκάνα
862 3687 925 3774 (stc
945 3707 1003 3771 pro
1019 3691 1103 3752 Kou-

62 3789 148 3858 aa'ua
170 3791 256 3855 Cod.
275 3789 396 3873 Palae.)
421 3805 465 3864 et,
490 3791 512 3855 fl
531 3793 616 3878 apud
630 3793 778 3858 Strabon.
792 3805 825 3872 5.
842 3811 875 3874 p.
889 3811 902 3850 1
915 3807 970 3854 to.
987 3787 1104 3869 [163.

62 3897 154 3980 quod
175 3894 324 3965 videtur,
351 3892 451 3956 iidem
472 3891 545 3956 [unt
564 3893 709 3968 conisa,
738 3912 866 3956 novum
888 3893 964 3957 inde
986 3891 1106 3954 aceedit

63 3997 204 4082 pondua,
228 3995 319 4077 quo‘d
338 3992 452 4056 diserte
469 3995 633 4060 Cantabria
648 3993 875 4060 adscribuntur.
927 3993 997 4056 Nec
1016 3993 1107 4055 aliter

64 4099 238 4185 explioeri,
270 4093 295 4160 a
317 4095 454 4164 verneti
472 4097 675 4175 emendatio.
707 4098 826 4188 pau'tut
843 4093 936 4164 ieaiea
957 4095 992 4159 in
1011 4093 1107 4158 Mela.
