2696 4896
289 401 351 472 ιιι
557 391 716 452 nom
755 355 1060 451 e'xrnrrmtn

360 556 548 658 septem)
599 565 718 628 Seniue
741 564 801 628 est:
836 565 945 628 Tanta
961 565 1005 628 est
1021 563 1152 626 insulae
1173 561 1319 636 fertilitas.

292 683 330 732 ut
355 665 472 752 septies
497 685 563 728 una
589 665 668 730 latio
696 665 854 730 continua
879 666 975 751 fruge
1001 667 1141 730 ineffem
1173 670 1319 751 praebeat.

293 771 379 833 Nam
400 789 440 830 ex
458 763 560 830 aristis
582 766 729 854 primum
750 765 889 830 maturis
914 766 1079 831 decidunt
1102 789 1220 850 ςτειιιιι,
1252 789 1321 853 quae

295 871 470 933 secundnm
490 870 622 932 mollem
642 886 779 954 augent,
805 891 884 932 mox
901 868 966 933 illie
990 868 1055 932 alia
1073 867 1203 952 fruges,
1230 872 1319 955 sicque

294 969 470 1054 deinceps,
496 986 535 1033 ut
551 968 587 1033 in
602 970 773 1056 septimam
793 991 899 1056 usque
920 972 1055 1035 meffem
1076 991 1144 1033 nec
1166 968 1247 1043 coli,
1269 989 1320 1036 net

295 1070 356 1140 ieri
373 1092 489 1156 agrum
503 1074 539 1134 sn
552 1073 686 1138 necelle.
713 1091 900 1138 vnnrnuvs.

373 1275 608 1360 minimum)
660 1274 715 1340 sic
736 1273 884 1361 loquitur
902 1292 1017 1340 auctor
1032 1269 1167 1346 Latine,
1194 1271 1249 1336 ubi
1263 1275 1321 1336 vul·

298 1396 357 1464 gus
378 1378 458 1439 solet
479 1375 589 1440 dicere
609 1379 654 1440 nd
673 1381 850 1448 minimum.
884 1381 971 1464 quast
995 1376 1082 1441 illud
1107 1372 1322 1460 superlativum

297 1497 365 1540 non
381 1479 482 1564 pollet
494 1500 552 1562 pet·
568 1480 597 1541 le
616 1480 792 1542 coullstere.
826 1481 892 1542 Sed
909 1480 951 1541 est
967 1501 1079 1551 error,
1102 1499 1207 1564 quum
1221 1473 1321 1540 Cicero

298 1594 331 1640 et
341 1576 458 1642 Livius
471 1601 641 1666 nunquam
659 1578 752 1645 aliter
767 1578 870 1646 locuti
886 1581 978 1656 sunt,
1001 1602 1105 1667 quam
1120 1576 1233 1642 omina·
1245 1595 1323 1660 pue·-

298 1677 468 1769 pcfitione.
503 1702 527 1746 1.
546 1701 741 1748 cnouovm
755 1683 832 1749 MS.

449 1885 479 1967 ᾗ.
508 1900 541 1963 3.
585 1885 775 1969 plumbo)
819 1883 925 1950 Cuius
940 1883 1006 1947 duo
1023 1880 1193 1947 faciebant
1207 1899 1320 1964 genera,

299 1987 424 2067 rignum
437 2002 535 2072 atque
552 1988 743 2062 candidum:
768 1989 832 2052 hoc
844 1985 1121 2072 pretiosissimum,
1150 1978 1320 2066 κασσίτερον

299 2089 473 2160 vocabant,
499 2090 589 2149 uude
604 2086 717 2150 inlulis
732 2108 866 2154 nomen.
900 2086 973 2152 Vid.
990 2084 1077 2154 Pliu.
1098 2097 1159 2167 34,
1174 2094 1231 2163 47.
1245 2079 1318 2144 [16.

301 2201 335 2250 et
349 2209 432 2273 quae
448 2207 527 2276 nrox
542 2185 768 2255 subiicientur.

285 2383 287 2392 ⁴
382 2382 699 2483 Cassiteridas)
748 2395 804 2456 Gr.
822 2387 1056 2482 Karrtrspibes
1071 2409 1124 2475 up.
1140 2387 1279 2451 strabon.
1290 2393 1319 2457 3·

301 2509 375 2576 pag.
397 2514 476 2556 101.
499 2493 519 2556 l.
547 2503 626 2573 147.
650 2508 682 2555 et
702 2494 840 2558 Ptolem.
861 2512 892 2566 c,
916 2495 949 2558 6.
983 2487 1214 2579 Κασσιτερίδες
1232 2481 1316 2546 Diod·

304 2589 369 2654 Sic.
387 2605 420 2670 5,
439 2603 495 2669 38.
522 2593 680 2656 Heroclot.
699 2611 732 2670 3,
747 2619 758 2656 t
773 2608 825 2672 ¹5·
847 2595 990 2658 Eussath.
1007 2595 1048 2656 ad
1061 2591 1197 2670 Dionys.
1210 2585 1315 2663 v.561.

302 2708 342 2754 ut
363 2690 399 2753 iu
415 2691 542 2757 Latinis
564 2715 641 2756 cum
656 2696 742 2757 Mela
764 2693 849 2760 Plin.
866 2709 901 2776 4,
919 2697 976 2773 36.
995 2695 1015 2758 l.
1036 2713 1092 2756 cu.
1129 2687 1256 2755 Solinus
1272 2683 1318 2746 26.

304 2793 326 2855 l.
346 2809 401 2870 23.
427 2792 549 2856 etalii.
599 2798 637 2858 In
662 2795 809 2879 liuguleri
836 2791 1001 2888 Cnffiteris
1029 2793 1135 2858 insula
1157 2785 1276 2856 Plinius
1293 2797 1319 2857 7,

306 2907 364 2971 57.
383 2894 403 2955 s.
421 2897 478 2972 56.
511 2917 594 2981 quac
615 2895 797 2986 Κασσὶτιρα
819 2897 862 2958 est
883 2897 1050 2984 Stephano
1071 2897 1105 2960 h.
1127 2917 1159 2957 v.
1208 2891 1320 2953 Nomen

305 3015 323 3056 ιι
346 2992 515 3058 fertilitate
535 2996 663 3082 plumbi
690 2995 922 3087 (κασσίτερον)
951 2996 1046 3060 ducit
1068 2993 1197 3060 Plinius
1215 3001 1248 3069 4.
1271 2980 1317 3062 36·

304 3095 326 3159 s.
346 3115 402 3164 22.
428 3099 517 3182 quoti
533 3102 573 3160 ull
589 3103 730 3164 Graecos
749 3099 828 3161 inde
844 3099 1017 3162 advectum
1034 3099 1094 3160 effe
1111 3091 1221 3161 scribit
1235 3091 1319 3151 Helu

179 3229 187 3246 κ
305 3197 415 3271 dotis,
433 3199 522 3284 quod
535 3197 679 3284 primum
693 3198 1024 3264 fecilieMidacritum
1039 3196 1125 3262 Plin.
1137 3215 1169 3274 7,
1179 3207 1234 3272 57·
1246 3190 1262 3250 s·
1272 3185 1317 3264 5⁶·

306 3316 426 3362 narrat.
476 3303 518 3366 At
539 3303 579 3363 ud
601 3299 729 3366 Midam
750 3299 933 3386 Phrygium
953 3301 1053 3364 refert
1074 3321 1115 3362 ex
1136 3294 1207 3360 aliie
1226 3301 1318 3354 aucto-

305 3397 398 3462 ribus
420 3399 630 3475 Hurduinus‚
660 3400 717 3486 qui
748 3417 781 3464 et
805 3405 845 3466 stc
868 3403 1039 3475 emendat,
1069 3402 1111 3464 ad
1132 3393 1316 3462 Melieartum

305 3504 361 3563 vel
382 3503 602 3564 Melcarthum
629 3501 850 3568 Phoenicium
872 3505 1049 3568 Herculem
1072 3523 1112 3563 ex
1140 3483 1316 3564 sanchoniu·

307 3603 409 3664 thone
430 3603 582 3666 Bocburt.
607 3601 643 3666 in
668 3605 824 3670 Chanaan
845 3629 873 3678 1,
893 3621 950 3688 59.
992 3605 1151 3688 Sprengel
1170 3597 1203 3660 iu
1220 3589 1313 3658 Geich·

306 3723 374 3766 ron
400 3701 718 3768 Greia-Britunuien
746 3708 786 3768 T.
809 3729 836 3767 1.
862 3726 934 3789 pag.
954 3701 987 3770 6.
1013 3719 1083 3766 not.
1106 3705 1140 3768 h.
1172 3699 1210 3762 ab
1233 3689 1315 3757 Hebl·

309 3803 458 3895 Kssstl'm·
485 3805 622 3899 Kssira,
657 3808 751 3871 Arab.
769 3805 891 3868 Kardir
914 3803 937 3869 i.
965 3825 992 3868 e.
1020 3805 1168 3868 stannum
1192 3785 1313 3861 deducit

308 3903 415 3986 Quale
431 3903 572 3990 intelligi
594 3909 711 3971 debeat
727 3903 914 3994 κασσίτερον
931 3907 953 3973 l.
969 3903 1129 3977 stannum,
1152 3901 1274 3986 adparet
1284 3907 1315 3948 ex

307 4001 418 4066 Plinio
435 4017 494 4086 34,
515 4019 575 4088 47.
592 4009 612 4070 l.
633 4008 686 4072 16.
714 4024 747 4071 et
767 4029 851 4094 quae
875 4005 1057 4092 disputavit
1077 4009 1265 4070 Becluuann.
1282 3985 1313 4049 ai

308 4101 435 4171 Aristot.
459 4107 501 4168 de
524 4107 666 4174 mirabil.
687 4111 821 4176 ausculr.
846 4129 917 4196 cap.
933 4122 992 4190 51.
1009 4121 1043 4195 p.
1063 4129 1142 4174 ιοι.
1169 4098 1223 4192 qui
1241 4094 1313 4158 idem
