2748 4888
287 418 330 498 56
557 415 720 476 Nom
759 417 1064 476 nxncnrrctrt

179 591 186 606 '
275 597 326 658 .h.
348 589 524 656 Tembros.
546 591 680 664 Tomar;
712 593 787 654 Sors
810 593 844 656 h.
867 593 937 656 Sar.
992 593 1080 656 Tum
1104 609 1182 656 vero
1207 591 1342 655 inverso

292 698 406 762 ordine
431 696 492 759 hoe
517 693 635 757 fluvios
658 693 809 759 recenset.

369 895 535 980 Ebora)
586 897 727 961 Holiien.
747 897 786 960 ed
803 895 904 961 Ortei.
927 916 999 983 ptg.
1020 911 1078 973 75.
1101 916 1141 958 ex
1156 896 1261 958 Melae
1282 897 1340 958 de-

296 1000 465 1085 scriptione
487 1020 575 1061 nunt
591 1000 698 1063 vocari
719 1014 810 1084 putat
829 1000 881 1062 vei
903 1001 1002 1060 Porto
1019 999 1117 1067 ficol,
1149 999 1202 1060 vel
1220 1001 1341 1060 Prterto

298 1105 331 1168 S.
352 1105 475 1165 Maria.
517 1102 601 1164 Cum
624 1119 702 1163 vero
719 1121 819 1184 prope
842 1098 955 1161 urbem
968 1102 1085 1162 Moror
1102 1100 1246 1161 Tomtrie
1264 1101 1287 1162 i.
1303 1119 1338 1162 e.

300 1202 437 1266 Toorbra
455 1205 489 1263 in
507 1223 591 1264 mare
608 1217 708 1272 exeat.
734 1203 843 1283 ibique
857 1216 890 1264 et
906 1202 1004 1264 hodie
1023 1213 1132 1283 portus
1150 1201 1196 1272 iit,
1222 1201 1277 1262 iric
1292 1201 1340 1264 est

297 1305 362 1368 fine
377 1303 493 1375 dubio,
519 1324 584 1386 quo
601 1303 704 1384 potito
726 1305 844 1386 reliqna
861 1305 959 1366 etiam
976 1287 1186 1366 conveniunt.
1229 1303 1340 1364 Ptole·

295 1409 380 1470 rnrei
397 1422 431 1476 a.
445 1407 478 1470 6.
501 1403 709 1469 Artabromm
728 1421 841 1486 porcus
863 1407 943 1468 ultra
964 1404 1007 1468 eii
1024 1405 1063 1468 td
1083 1404 1242 1470 Celticum
1266 1422 1343 1487 pro·

295 1513 516 1581 montorium,
542 1507 600 1570 ubi
621 1506 654 1568 S.
670 1506 793 1572 Maria.

372 1726 523 1776 crtrrcm
557 1707 753 1802 Augusti)
803 1711 918 1796 Ignoto
940 1731 975 1774 et
1003 1709 1178 1774 cohorte.
1216 1709 1345 1792 Lepide

297 1813 465 1878 Boccatiue
488 1815 528 1876 de
550 1813 736 1876 fluminibus
758 1810 779 1877 i.
801 1834 833 1876 v.
862 1815 932 1876 Stre
963 1813 1081 1874 Melam
1108 1813 1148 1874 stc
1178 1813 1343 1873 reddidit:

299 1929 414 1979 turrem
430 1914 581 2008 Augusti,
607 1935 701 1997 qoam
723 1915 952 1995 cognominant
968 1913 1205 1976 memorabilem.
1243 1913 1345 1977 Cete-

298 2037 373 2080 rum
397 2030 502 2078 uenat
523 2015 637 2078 Livius
654 2007 711 2084 22,
736 2035 788 2095 ις),
808 2017 842 2080 6.
864 2017 1031 2078 multaret
1055 2017 1132 2078 iocis
1153 2016 1232 2078 aitis
1253 2013 1343 2106 post·

299 2130 354 2182 tos
379 2130 481 2180 turres
502 2111 667 2206 Hijpaoia
693 2115 822 2189 habuit,
856 2116 969 2200 quibus
998 2131 1029 2179 ec
1047 2109 1191 2210 speculis
1215 2131 1245 2178 ec
1266 2138 1343 2198 pro-

298 2218 489 2300 pugnaculis
520 2210 670 2308 adversio
696 2219 835 2281 latrones
859 2216 1040 2282 utebantur.
1101 2220 1149 2281 Ab
1176 2219 1360 2307 eiusmodi

299 2321 379 2382 turri
401 2319 522 2382 cladem
544 2320 828 2382 incovenienter]
851 2321 963 2402 procul
988 2319 1186 2402 conspectam
1210 2320 1272 2382 ess‘e
1296 2312 1343 2380 ibi

299 2435 416 2484 norror.
446 2421 540 2484 Forte
555 2421 650 2482 etiam
669 2422 746 2483 haec
761 2423 794 2482 in
812 2423 963 2484 victoriae
979 2425 1167 2484 memoriam
1186 2420 1342 2482 exstructa

299 2537 382 2592 etot,
414 2523 498 2604 quod
524 2523 705 2584 Domitium
727 2537 759 2584 et
781 2523 915 2585 Fabium
932 2523 1112 2586 Maximum
1129 2543 1164 2586 eo
1188 2523 1228 2584 dc
1250 2521 1342 2584 cauta

299 2623 422 2696 fetide,
449 2621 544 2685 refert
561 2624 674 2686 Florue
692 2638 725 2703 5.
743 2641 776 2697 η,
793 2626 828 2687 6.

376 2825 530 2907 titulo)
582 2827 608 2889 1.
636 2846 664 2890 e.
691 2829 840 2910 nomine,
877 2829 927 2889 coi
958 2829 1043 2888 haud
1071 2826 1167 2888 dubie
1195 2826 1345 2911 adscripti

300 2925 431 2992 fuerunt
452 2929 566 3009 reliqui
586 2927 725 2991 honores
745 2933 815 2992 ciue
833 2932 1048 3012 imperatoris,
1074 2949 1134 3010 qua
1150 2931 1283 3012 proprie
1304 2929 1345 2992 fe·

301 3032 390 3092 ciunt
411 3031 557 3096 titulum.
590 3049 615 3092 r.
638 3048 832 3092 coortovtve
847 3032 923 3093 MS.
946 3051 975 3094 r.
1045 3033 1090 3090 ito
1116 3031 1198 3090 hanc
1225 3050 1346 3093 vocem

300 3134 396 3215 poni.
424 3132 523 3192 muita
541 3131 609 3192 loco
625 3132 658 3190 in
675 3131 799 3194 Lexicis
815 3132 955 3195 coniecta
975 3133 1104 3193 docent.
1144 3133 1195 3194 Sic
1217 3147 1345 3212 praeter

300 3236 353 3294 illa
371 3235 503 3296 Stteton.
521 3234 555 3294 in
571 3231 669 3316 Colig.
687 3252 713 3294 c.
732 3247 789 3312 54.
800 3233 938 3326 statuas
952 3235 1088 3292 virorum
1107 3230 1274 3322 illustrium
1295 3267 1345 3280 --

302 3337 353 3396 ita
368 3326 525 3426 subvertit
546 3346 642 3416 atqua
665 3332 805 3402 disiecit,
839 3346 876 3395 oc
895 3332 1015 3426 restitui
1024 3326 1130 3423 solvit
1146 3333 1252 3394 tituiir
1275 3355 1342 3395 nott

300 3439 471 3516 potuerint.
523 3436 614 3496 idem
636 3434 833 3502 inDomitio
847 3455 874 3497 c.
896 3447 951 3512 ²5·
969 3430 1065 3524 obast
1078 3433 1213 3522 flacitae
1230 3438 1344 3496 trium·

300 3537 405 3617 phalis
422 3527 693 3623 titulus.excuffus
714 3537 750 3596 vi
767 3535 931 3616 procellae.
970 3535 1070 3598 Porro
1090 3538 1125 3596 in
1144 3535 1242 3596 Galba
1260 3557 1289 3598 c.
1311 3553 1343 3600 α.

292 3637 477 3729 statuarum
503 3638 602 3698 tituli.
663 3637 769 3701 Aurei.
799 3637 906 3698 Victor
933 3638 965 3697 in
991 3639 1143 3720 opinor,
1167 3651 1221 3716 13.
1250 3637 1344 3701 tituli

301 3735 431 3800 aedibus
452 3730 608 3829 inscripti.
644 3734 694 3798 Cf.
710 3739 748 3798 ad
770 3758 799 3810 t,
821 3757 874 3807 rr,
895 3751 929 3816 3.

380 3938 587 4000 Tamarici
625 3937 848 4024 Neriiquc)
899 3939 1024 4003 Eodem
1055 3943 1185 4011 ordine.
1217 3941 1341 4004 diversa

300 4035 425 4104 tantuin
442 4036 667 4124 progreffiooe‚
682 4044 772 4123 'apud
788 4038 872 4104 Plio.
883 4053 918 4121 4,
936 4053 992 4121 54.
1011 4040 1104 4106 [oo.
1119 4059 1295 4105 occurrunt
1309 4033 1340 4103 io

299 4143 362 4206 hoc
379 4155 496 4214 tractu;
522 4155 647 4204 tanturn
657 4141 783 4208 Nerine.
823 4142 980 4206 Tamarici
996 4163 1013 4206 a
1030 4144 1129 4206 fluvio
1148 4145 1341 4229 cognomini
