2734 4908
284 407 347 483 ¹94
548 379 711 458 n'oaaa
752 393 1084 454 nxooautcara.

251 647 255 654 ,
286 575 457 641 Britannos
471 592 509 636 ex
526 571 623 634 Gallia
640 568 758 633 venilia
774 581 881 654 putat,
908 567 959 630 led
976 581 1008 632 et
1023 567 1254 632 Britannorum
1273 589 1340 634 no·

288 697 366 740 men
385 676 460 738 inde
477 675 576 757 petit,
608 693 683 733 cum
708 672 855 732 Britanni
877 672 911 732 in
929 670 1028 732 Gallia
1056 687 1219 733 occurrant
1243 673 1341 754 apud

288 780 373 842 Plin.
388 787 422 856 4.
443 789 501 855 31.
520 773 541 837 l.
563 790 618 846 17.
641 770 819 853 relutatque
843 772 1053 842 Cluverium,
1079 775 1133 854 qui
1157 773 1191 833 in
1215 773 1338 836 Germ.

290 894 355 942 ant.
372 895 405 949 2,
423 892 480 954 27.
502 875 639 937 malebat
661 875 706 934 ibi
728 875 879 935 Britanni.
924 871 975 934 Ci.
999 875 1095 936 etiam
1119 873 1337 937 cambdenus

290 983 325 1042 in
342 980 523 1041 Britanniae
539 962 714 1058 principio,
738 975 791 1036 cui
812 975 899 1036 idem
913 975 1053 1038 videtur.
1086 975 1173 1036 Hinc
1189 990 1220 1036 et
1234 976 1337 1038 urben

289 1081 470 1166 Belgarum,
488 1078 683 1148 Atrebatum.
700 1089 990 1138 commemorantur
1004 1077 1037 1136 in
1049 1077 1205 1137 Antonini
1221 1079 1337 1141 itiner.

290 1205 325 1268 p.
343 1193 429 1262 478.
468 1175 596 1243 Walles
615 1177 636 1240 l.
657 1177 763 1240 Galles
782 1197 839 1259 per
855 1177 995 1260 iplorum
1016 1178 1157 1261 linguam
1178 1178 1242 1239 hnc
1263 1179 1339 1258 qui·

292 1285 366 1345 dam
386 1279 544 1352 referunt,
570 1293 603 1340 et
618 1280 729 1361 Kyrnri
745 1277 764 1340 l.
783 1280 896 1339 Kumri
916 1279 948 1338 in
971 1298 1006 1340 ea
1027 1281 1174 1363 regione,
1202 1280 1242 1338 rle
1263 1281 1341 1360 qui-

291 1385 352 1447 buo
368 1383 536 1447 Schloezer
552 1381 676 1466 allgem.
695 1378 870 1441 Nordilche
889 1379 1075 1442 Gelchichte
1095 1400 1125 1462 p.
1139 1390 1221 1455 282.
1243 1391 1336 1460 345.

291 1500 325 1548 et
356 1503 436 1566 quae
470 1484 605 1544 omnino
635 1481 750 1542 adtulit
784 1479 1017 1542 Schroeclrhius
1049 1483 1087 1543 ad
1114 1480 1254 1542 Gnthrie
1282 1516 1339 1530 -

292 1587 417 1672 allgem.
435 1583 546 1646 Gelch.
566 1583 637 1672 Vol.
660 1595 714 1661 15.
739 1581 774 1642 Ρ.
798 1601 826 1645 ι.
849 1601 917 1665 pag.
936 1580 1016 1663 nlq.
1070 1583 1119 1642 De
1142 1583 1281 1646 Gallicae
1301 1595 1339 1644 et

292 1687 493 1750 Britannicae
513 1686 639 1768 linguae
656 1684 848 1768 cognatione
867 1681 988 1744 disserit
1009 1686 1105 1744 etiam
1123 1681 1338 1748 Cambrlenua

293 1788 328 1850 in
348 1788 511 1850 Britannia
536 1777 687 1868 p.<'7Q.
705 1824 721 1838 .
740 1785 963 1872 Ante-lulium
987 1782 1148 1846 Caesarem
1171 1786 1265 1865 plane
1285 1787 1339 1846 in·

294 1891 456 1974 cognitam
474 1886 571 1956 laissa,
597 1889 725 1946 tradunt
740 1869 974 1966 pltri‘ei‚'veluti
990 1887 1124 1948 Diodor.
1141 1885 1202 1946 Sic.
1219 1900 1254 1961 3,
1271 1897 1338 1964 53.

293 1993 359 2054 Dio
380 2003 437 2070 59.
458 2000 517 2066 5o.
537 1988 633 2057 adeo,
668 1999 704 2046 ut
729 1984 781 2046 hic
805 1985 984 2046 dubitatum
1016 1988 1093 2047 olim
1122 1985 1182 2047 elle
1208 1984 1338 2060 scribat,

294 2105 403 2154 utrum
421 2103 500 2150 terra
519 2086 612 2148 luerit
627 2087 806 2154 continens.
831 2086 996 2157 aninsula,
1021 2084 1192 2169 priscisque
1205 2088 1340 2152 Graecia

295 2205 329 2256 et
358 2190 513 2252 Romania
543 2208 653 2270 parum
680 2202 881 2268 compertum
907 2185 1021 2257 fuerit,
1054 2208 1123 2249 eam
1151 2187 1220 2252 elle.
1274 2190 1338 2253 llle

297 2307 331 2372 5.
350 2309 408 2354 or.
433 2310 493 2351 nec
508 2287 687 2357 Bacchum,
714 2308 774 2349 nec
794 2289 964 2350 Herculem
986 2291 1125 2350 aliumve
1143 2289 1240 2353 heroa
1261 2310 1339 2354 eam

297 2391 445 2461 tentalle‚
470 2405 524 2451 aut
545 2388 652 2451 adiille
668 2389 821 2452 adfirmat.
859 2387 909 2452 ef.
926 2391 1057 2453 Sueton.
1077 2392 1109 2450 in
1126 2390 1211 2453 Cael.
1226 2412 1253 2453 c.
1272 2405 1337 2470 25.

297 2508 332 2558 et
354 2485 586 2554 Emmeueffiua
609 2493 645 2550 ad
669 2490 777 2574 Virgil.
802 2490 859 2553 ecl.
886 2512 913 2561 r,
938 2493 996 2564 67.
1026 2491 1083 2551 ubi
1109 2493 1220 2563 docet,
1247 2507 1339 2556 extra

204 2653 207 2664 ,
299 2595 410 2658 orbem
436 2593 521 2652 fitam
547 2590 671 2662 dixille,
703 2592 873 2654 Britannoo
899 2591 980 2672 iploa
1004 2594 1146 2654 ultimos.
1196 2592 1339 2656 lnlulam

298 2709 406 2757 tamen
432 2692 509 2762 ella,
543 2693 597 2754 etsi
623 2711 689 2753 non
712 2693 1011 2777 circumnavigavit.
1045 2695 1199 2776 cognovit
1223 2694 1339 2756 Caesar

299 2799 414 2878 aliique
436 2807 563 2856 vocant.
606 2792 657 2854 Cf.
682 2795 721 2853 ad
743 2795 842 2856 Dion.
859 2808 917 2872 39,
942 2807 1000 2870 50.
1025 2793 1196 2856 Fabricius.
1248 2797 1340 2858 Hinc

299 2899 400 2960 alium
427 2908 579 2960 terrarum
606 2893 718 2956 orbern
745 2889 854 2976 pallam
882 2909 1010 2958 vocant.
1053 2893 1103 2958 Cf.
1126 2896 1163 2955 arl
1193 2895 1279 2958 Flor.
1300 2912 1339 2977 5,

305 2997 437 3069 to‚16.
476 2996 619 3057 Primum
643 3009 750 3057 autem
772 2996 850 3055 mari
872 3015 940 3056 eam
958 2997 1099 3078 undique
1116 2994 1340 3058 circumfusam

299 3099 360 3161 elle
384 3096 663 3181 cognovit‘luliua
689 3097 845 3180 Agricola.
879 3095 963 3180 (Dio
982 3095 1038 3167 66,
1063 3111 1121 3159 20.
1148 3099 1276 3160 Tacitus
1300 3102 1339 3161 in

300 3199 445 3284 Agricola
465 3217 491 3260 c.
509 3216 564 3260 10.
582 3211 613 3258 et
632 3197 709 3274 58.)
747 3195 865 3259 Contra
887 3209 995 3258 tamen
1010 3198 1188 3260 Boclrartna
1203 3201 1236 3260 in
1252 3199 1338 3264 cha-

300 3283 382 3363 naau¹
402 3319 431 3370 1,
456 3311 514 3378 59.
540 3296 671 3378 operol'e
702 3296 855 3358 adllruere
885 3298 1016 3370 nititur,
1054 3299 1231 3361 Phoenices
1261 3320 1338 3364 eam

302 3399 407 3463 arliille
428 3411 460 3460 et
483 3396 665 3481 cognoville
687 3410 815 3479 propter
843 3397 941 3458 llanni
968 3402 1215 3469 commercium,
1245 3405 1338 3482 quod

302 3523 341 3565 ex
357 3494 593 3563 Caffiteritlibuc
607 3499 774 3581 petierint,
796 3510 828 3559 et
842 3499 914 3560 aliao
928 3500 1077 3580 quaedam
1093 3497 1210 3572 caulas,
1233 3505 1337 3566 unde·

303 3620 425 3684 quaque
443 3599 567 3683 petitas.
619 3599 702 3660 Addi
716 3597 829 3677 potest,
856 3602 942 3679 quod
960 3600 1086 3663 Solinus
1102 3613 1159 3677 25.
1175 3600 1197 3663 l.
1213 3618 1270 3666 22.
1292 3624 1336 3667 ex

303 3723 353 3766 ara
370 3701 494 3764 Graecia
514 3699 611 3760 literio
627 3711 705 3759 voto
721 3697 864 3779 inscripta
880 3700 1011 3781 probare
1026 3715 1169 3770 conatur,
1195 3704 1335 3783 Ulyllem

302 3807 337 3865 in
353 3801 543 3865 Caledoniae
557 3799 671 3860 recellu
686 3795 774 3860 fuiffe
797 3799 980 3881 adpulsum
1008 3802 1132 3863 Graecia
1150 3805 1244 3864 etiam
1260 3822 1335 3870 ante

304 3903 541 3985 expeditionem
563 3902 587 3962 l.
604 3897 739 3963 Caesario
759 3899 930 3960 innotnille
947 3903 1024 3962 dicit
1038 3902 1178 3972 Plinius,
1205 3905 1333 3968 tellatur

302 4006 430 4088 linguae
442 4003 575 4063 Graecae
585 3998 666 4070 ulna,
684 3999 845 4084 religionis
856 4001 966 4062 eadem
982 4002 1015 4062 in
1031 4004 1139 4064 multia
1152 4007 1243 4068 ratio.
1269 4009 1334 4070 Sed

302 4125 344 4168 an
367 4103 556 4167 commercia
573 4103 697 4188 egerint
718 4120 793 4165 cum
809 4101 971 4168 Britannia
988 4104 1098 4167 Graeci
1123 4103 1219 4180 olim,
1245 4110 1333 4190 quod
