2746 4894
320 413 386 486 354
460 445 465 452 -
591 401 754 469 etoile
794 399 1098 462 arroariciu

325 595 360 646 et
379 577 455 644 solie
470 576 627 652 tinctam
654 557 768 642 iollam
783 576 872 640 enim
888 577 928 640 iil
949 577 1046 640 marie
1061 578 1187 642 alveum
1202 575 1223 642 s.
1240 576 1338 644 stetim

326 682 436 748 reserri
461 701 529 746 nou
551 663 651 766 polle.¹
689 675 759 766 lpse
784 679 918 744 ulteriue
941 681 1041 767 igitur
1064 681 1164 755 locat.
1187 680 1242 744 ubi
1258 681 1339 747 hilii

323 787 464 852 Aliam

403 979 610 1084 Arsinoe)
660 989 717 1054 Gr.
737 983 902 1079 Ἀρσινόη,
927 989 1014 1052 uirile
1036 985 1240 1076 Ἀρσινοΐτης,
1261 983 1342 1075 'Apot-

327 1079 429 1166 tori'ir.
466 1091 539 1154 Hoc
554 1093 687 1156 nomine
705 1092 826 1156 multae
841 1093 935 1155 urbee
952 1089 1155 1174 proferuntur
1170 1111 1187 1152 a
1201 1089 1341 1171 Stephano

327 1207 361 1257 et
377 1193 512 1256 Ortelioi
552 1195 695 1256 Fuerunt
707 1213 748 1256 ex
762 1196 801 1256 iie
818 1195 899 1256 duae
915 1194 953 1254 ad
969 1193 1070 1254 sirium
1086 1194 1260 1261 Arabicum,
1277 1209 1342 1272 quie

328 1291 487 1358 tonsundi
510 1315 576 1358 non
603 1294 733 1358 debent.
785 1297 855 1358 Uria
881 1295 936 1358 sita
958 1293 1020 1356 suit
1044 1315 1146 1378 propa
1167 1293 1342 1374 Heroopoliu

326 1397 416 1459 iuxta
437 1397 596 1468 canalem.
628 1398 682 1480 qui
704 1398 743 1458 ad
763 1417 833 1458 eam
849 1399 882 1458 in
902 1397 1004 1458 finum
1019 1397 1189 1458 Arabicum
1204 1393 1341 1457 eiiluebat.

328 1499 400 1562 vid.
418 1497 532 1560 Strabo
553 1513 608 1574 17.
632 1519 664 1582 p.
682 1511 767 1578 553.
788 1496 810 1562 s.
824 1508 909 1580 804.
942 1499 999 1581 qui
1018 1498 1057 1559 eb
1080 1499 1149 1560 aliia
1165 1497 1343 1580 cleopatride

327 1600 462 1663 eandem
479 1601 543 1662 diei
558 1600 656 1664 addit.
684 1601 709 1662 F
710 1613 778 1664 orte
794 1619 914 1663 nornen
929 1601 1091 1681 antiquina
1104 1599 1244 1661 mutavit
1255 1596 1345 1660 Ptole·

327 1721 437 1765 mieue
452 1699 700 1786 Philadelphue.
725 1721 799 1762 cum
815 1701 927 1764 urbem
944 1699 1153 1774 iristiuralset,
1179 1713 1212 1762 et
1226 1719 1242 1762 a
1258 1697 1344 1762 sorore

324 1803 480 1871 Arfinoen
505 1803 693 1885 adpellivit.
726 1802 813 1884 qnod
840 1803 966 1868 Pliniua
983 1799 1016 1874 6.
1040 1817 1099 1883 33.
1121 1801 1146 1864 s.
1165 1817 1222 1883 99.
1245 1799 1345 1862 suiilet.

326 1904 415 1968 Hinc
438 1908 472 1966 iu
494 1905 573 1967 artie
592 1905 717 1968 concilii
737 1903 889 1989 Epheflni
911 1903 1039 1970 secundi
1063 1905 1179 1966 Latine
1197 1903 1285 1966 versia
1304 1921 1344 1964 ari.

327 2015 416 2090 499.
441 2006 641 2086 Cleopatris.
666 2025 749 2092 quoe
764 2017 796 2069 et
810 2001 953 2098 Arsinoe.
989 2007 1016 2070 A
1031 2005 1158 2070 Pelusio
1172 2005 1224 2067 itti
1237 2003 1346 2078 diliebat

334 2119 402 2186 125
423 2105 470 2173 Μ.
491 2105 531 2173 P.
552 2107 655 2188 (Plin.
675 2120 708 2186 5.
735 2123 790 2172 io.
812 2107 834 2172 l.
854 2109 933 2186 ii.)
953 2122 987 2171 et
1010 2121 1073 2171 trei
1092 2125 1133 2170 eo
1159 2108 1229 2170 vire
1247 2105 1283 2169 ab
1301 2107 1346 2167 Ae·

326 2209 443 2296 gyptio
462 2212 544 2271 mari
566 2209 743 2282 diruebant,
771 2224 848 2292 quat
869 2208 1017 2272 describit
1032 2209 1116 2272 Plio.
1135 2209 1171 2280 6.
1195 2220 1251 2286 93.
1266 2205 1285 2270 s.
1300 2221 1346 2286 99.

326 2309 377 2374 Ab
399 2329 435 2374 ee
451 2311 695 2398 Agitliarcliidee
716 2312 799 2375 sinui
812 2311 935 2374 Arabici
952 2331 1024 2375 orie
1041 2311 1171 2374 dextrae
1187 2307 1347 2390 descriptio·

326 2431 406 2477 nem
427 2413 561 2476 orditur.
600 2415 652 2475 De
671 2415 806 2476 nomine
819 2426 853 2476 et
876 2412 934 2475 litu
955 2413 1147 2496 diepntatur.
1183 2411 1256 2475 Viti.
1271 2409 1347 2472 d’Au·

326 2514 406 2579 ville
422 2513 598 2577 Memoirea
620 2512 670 2577 sur
687 2515 844 2602 l’Egypte
859 2533 930 2600 pag.
948 2524 1022 2595 994
1037 2512 1077 2597 iq.
1110 2513 1238 2594 voluey
1250 2508 1346 2576 Reiseo

326 2615 369 2677 Τ.
383 2635 414 2678 i.
431 2633 463 2698 p.
478 2617 558 2680 166.
575 2614 733 2678 -Niebuhr
747 2615 840 2680 Reise
855 2616 936 2679 nach
950 2615 1086 2679 Arabien
1102 2614 1176 2680 Vol.
1189 2634 1220 2678 ι.
1238 2622 1346 2699 pata.

326 2733 417 2798 quae,
439 2735 513 2778 cum
529 2717 674 2799 proxime
689 2719 727 2780 ad
743 2719 863 2781 Melam
876 2737 944 2782 uon
959 2715 1083 2788 saciant.
1105 2714 1228 2779 consuli
1239 2713 1348 2800 posint

327 2819 476 2882 omnino.
523 2815 574 2883 Οἱ.
598 2821 694 2882 etiam
713 2819 815 2883 Belou
830 2839 902 2905 pag.
926 2834 1005 2897 939.
1031 2819 1209 2882 Thevenot
1232 2839 1265 2902 p.
1280 2823 1348 2898 335.

326 2917 440 2986 Nostra
464 2919 543 2983 haee
567 2922 601 2982 iri
627 2921 799 3006 Aethiopia
827 2920 883 2983 sub
909 2921 1056 3006 Aegypto
1079 2921 1114 2981 iii
1136 2920 1271 2982 Adulico
1293 2918 1348 2980 liiii

327 3036 598 3085 commemoratur
630 3041 649 3085 a
678 3023 866 3086 Ptolemaeo
889 3031 924 3102 sp,
949 3039 983 3099 7.
1017 3035 1051 3084 et
1076 3021 1209 3084 videtur
1233 3020 1290 3085 elle
1312 3037 1348 3086 eti

327 3141 423 3203 quani
438 3123 473 3184 iii
489 3123 717 3208 Troglodytice
737 3127 832 3207 ponit
848 3124 1041 3206 Stephanus.
1076 3123 1223 3186 Eandem
1242 3121 1348 3186 tertiin

328 3221 389 3286 eise
408 3223 505 3286 Plinii
529 3225 704 3288 Berenicen
730 3226 878 3308 Epidiree
902 3227 1181 3310 cognominatam,
1214 3243 1305 3308 quain
1323 3222 1350 3282 iii

328 3324 440 3386 eedem
455 3327 588 3412 regione
604 3327 643 3388 ad
660 3325 762 3390 iancea
777 3327 864 3389 rubri
879 3327 973 3391 maria
989 3329 1024 3388 in
1044 3327 1168 3390 cervice
1183 3327 1278 3412 longe
1291 3339 1349 3408 pro·

329 3442 475 3491 currente
510 3427 596 3492 sitam
624 3426 714 3491 inille
740 3421 861 3500 scribit.
898 3443 990 3514 putet
1018 3427 1173 3494 Celleriue
1189 3437 1225 3506 4..
1253 3447 1282 3497 r,
1304 3424 1349 3488 16.

328 3547 361 3611 p.
384 3547 429 3589 m.
451 3537 536 3606 837.
588 3531 679 3593 Idem
699 3530 739 3593 de
755 3531 861 3594 Plinio
881 3530 921 3592 ad
941 3551 968 3594 c.
987 3531 1010 3595 l.
1031 3529 1161 3592 videtur
1185 3528 1348 3594 Hiidiiiiu

327 3629 383 3709 qui
404 3628 502 3690 etiam
525 3629 677 3696 Arsinoen
697 3651 768 3693 eam
789 3631 849 3695 elie
872 3631 957 3714 apud
977 3631 1125 3697 strabon.
1147 3633 1203 3694 16.
1229 3651 1262 3713 p.
1277 3643 1348 3708 399.

327 3725 352 3794 s.
369 3731 453 3818 769.
471 3745 505 3793 et
518 3731 737 3796 Ptolemaeum
753 3742 788 3814 4,
806 3749 840 3812 7.
859 3733 1036 3797 arbitratur.
1062 3732 1157 3815 Apud
1172 3731 1349 3794 Strabonem

327 3841 435 3894 tamen
459 3831 623 3896 manifesto
646 3853 748 3898 errore
763 3833 898 3900 Arsinoe
919 3833 989 3918 post
1002 3834 1200 3898 Philoteram
1222 3835 1348 3918 ponitur.

327 3934 378 3994 uti
393 3932 514 4014 reliqui
531 3935 666 4004 docent.
691 3950 722 3998 et
741 3937 950 4022 intelligenda
970 3936 1014 3999 eil
1029 3933 1170 4018 superior
1184 3953 1285 4018 prope
1297 3931 1350 3994 lie·

324 4035 487 4114 roopolln.
521 4035 568 4098 At
584 4035 670 4098 Mela
685 4036 839 4101 Arsinoen
856 4037 970 4102 diserte
985 4057 1003 4100 a
1017 4037 1169 4101 Berenice
1187 4039 1224 4098 iii
1237 4036 1293 4096 liic
1305 4049 1351 4094 ori

325 4131 507 4220 distinguit.
548 4146 581 4200 et
606 4135 646 4198 sio
676 4135 770 4222 plane
792 4159 811 4204 a
834 4139 942 4204 Plinio
965 4138 1070 4206 notri
1094 4129 1352 4206 morienimi
