2724 4904
295 436 356 504 cpe
564 423 725 484 nomn
765 423 1070 482 nxacarrcau

297 597 453 665 Strabone
475 597 528 660 16.
553 617 585 678 p.
607 609 690 676 553.
711 594 731 658 l.
751 605 836 675 804.
864 599 997 681 ponitur
1026 597 1128 661 etiam
1157 596 1325 677 Cleopatris

296 700 388 772 urbe,
417 719 512 782 quum
529 697 567 760 ab
587 699 655 760 aliie
676 699 763 760 idern
787 696 939 790 Arsmoen
959 702 1067 762 vocari
1087 699 1179 761 dicit.
1230 699 1325 760 Hodie

259 845 263 852 -
298 825 338 866 ex
354 800 584 864 nonnullorum
600 796 754 861 sententia
768 799 928 863 vetustum
944 821 1062 864 nornen
1081 799 1194 868 servat.
1217 799 1325 862 Heron.

298 906 361 970 Alii
379 905 455 965 Sues
468 900 528 965 else
541 897 748 974 arbitrantur,
772 903 820 962 uti
839 915 928 964 notat
946 903 1132 965 Harduinue
1145 903 1184 962 ad
1202 900 1279 964 l’lin.
1297 901 1325 970 6.

303 1019 362 1088 55.
382 1003 402 1067 s.
420 1019 479 1083 99.
517 1003 623 1073 Addit,
650 1001 679 1064 se
704 1021 743 1064 ex
765 1003 840 1066 teile
865 1003 1029 1088 locuplete
1051 1017 1084 1066 et
1111 992 1262 1085 nbro'trrp
1281 1021 1326 1061 au·

300 1105 406 1176 diisse.
439 1107 472 1165 in
495 1105 643 1166 acumine
663 1105 781 1166 ultimo
804 1105 930 1166 leucam
956 1126 1053 1168 unam
1076 1107 1246 1166 latitudine
1268 1123 1324 1164 non

301 1209 470 1278 excedere,
498 1206 572 1268 inde
588 1225 642 1286 per
658 1205 762 1267 leucae
785 1221 828 1272 ra
850 1206 1016 1289 paullatim
1031 1205 1170 1271 crescere
1187 1224 1281 1286 mque
1292 1204 1325 1264 ad

299 1309 505 1373 latitudinem
535 1321 555 1384 3
583 1307 754 1372 leucarum.
825 1307 925 1392 Quod
957 1306 1053 1372 refert
1087 1306 1253 1371 d’Anville
1280 1306 1325 1367 de·

300 1411 452 1494 scription
465 1411 508 1470 du
525 1407 619 1470 Golse
634 1407 792 1490 Arabiquc
807 1405 895 1491 (vid.
913 1411 949 1472 ad
968 1411 1084 1472 calcem
1101 1409 1270 1470 memoiree
1286 1405 1326 1466 sur

300 1508 475 1597 l'Egypte)
498 1532 530 1594 p.
549 1523 632 1572 999.
658 1508 757 1572 bodie
778 1523 911 1572 vocatur
924 1503 1169 1600 Beier-Affitec.
1214 1508 1325 1588 Nempe

195 1663 200 1680 .
303 1616 382 1677 Snez
403 1612 541 1674 creditur
562 1612 632 1672 aliia
654 1610 734 1672 olim
761 1607 903 1704 Arsinoe,
937 1612 1006 1674 aliia
1024 1613 1167 1674 Heroum
1189 1607 1325 1688 oppidum

302 1713 402 1778 soille.
431 1707 695 1775 'Celeberrimutn
712 1711 801 1773 hunc
817 1712 918 1774 sinum
936 1711 1011 1776 fecit
1030 1713 1177 1776 transitur
1195 1709 1326 1772 israelita·

301 1836 374 1880 rum
395 1835 436 1880 ex
456 1813 604 1900 Aegypto
627 1810 856 1897 profugorum,
889 1835 985 1896 quem
1007 1816 1110 1899 vulgo
1135 1811 1250 1874 sactum
1272 1830 1325 1871 cre·

301 1921 399 1990 dunt,
424 1914 479 1976 ubi
495 1916 528 1978 h.
547 1915 590 1977 est
609 1915 696 1981 Suez.
737 1914 884 1977 Niebuhr
902 1929 1009 1978 tamen
1026 1913 1238 1978 Reisebeschr.
1254 1911 1324 1974 nrcb

301 2019 438 2085 Arabien
454 2018 524 2081 Vol.
544 2035 574 2082 ι.
592 2037 624 2098 p.
641 2026 726 2096 954.
744 2035 843 2099 prope
858 2016 969 2079 rudera
985 2017 1072 2080 nrbie
1089 2008 1221 2108 Kolsrun
1235 2013 1324 2096 ponit.

301 2122 374 2203 quia
398 2137 497 2202 prope
514 2118 592 2179 Suez
612 2119 709 2180 nimir
732 2117 769 2177 fit
794 2118 847 2180 ille
867 2118 951 2181 sinus
972 2117 1134 2202 anguslne.
1177 2113 1227 2180 cf.
1247 2117 1322 2176 idem

299 2241 369 2284 von
393 2217 529 2283 Arabien
549 2237 620 2302 pag.
641 2227 726 2297 4⁰4·
777 2219 922 2305 Prodigii
950 2223 1019 2282 eitra
1039 2221 1228 2282 memoriam
1251 2213 1324 2298 apud

301 2322 421 2386 accolae
439 2318 590 2382 servatam
605 2319 675 2392 esse,
700 2317 829 2381 discitur
844 2339 883 2383 ex
904 2323 1051 2384 Diodoro
1068 2336 1100 2402 3,
1117 2334 1179 2401 40.
1225 2319 1259 2379 ln
1279 2335 1322 2378 eo·

303 2426 379 2486 dem
398 2421 504 2513 μυχῷ
525 2421 608 2483 smus
631 2414 753 2484 Arabici
776 2441 793 2484 a
811 2420 967 2486 Strabone
988 2443 1042 2508 ιο.
1058 2445 1091 2506 p.
1111 2435 1196 2500 553.
1214 2418 1233 2480 s.
1251 2427 1320 2494 804.

303 2526 433 2610 ponitur
450 2523 589 2594 Arsinoe,
613 2523 792 2605 Cleopatrie
807 2525 904 2586 etiarn
928 2525 966 2586 ab
980 2526 1049 2586 aliie
1070 2525 1232 2607 adpellata.
1255 2536 1321 2602 qnae

302 2645 376 2688 cum
402 2624 460 2687 alia
493 2624 630 2708 Aegypti
662 2624 791 2686 Arsinoe
825 2644 891 2688 non
919 2625 1014 2690 debet
1047 2625 1215 2688 confundi.
1260 2619 1319 2680 Vid.

301 2725 475 2810 Wesseling
496 2726 534 2787 ad
557 2725 712 2789 Hieroclie
732 2723 911 2803 synecdem.
926 2747 996 2814 pag.
1015 2741 1099 2806 795.
1139 2725 1277 2789 Eandem
1294 2730 1321 2780 et

301 2828 424 2891 Pliuiue
445 2835 481 2905 4,
505 2843 560 2890 tn.
584 2823 607 2890 s.
625 2844 681 2892 tt.
705 2827 792 2888 rubri
815 2831 911 2892 marie
931 2830 1087 2912 oppidum
1110 2841 1221 2898 vocat,
1245 2837 1274 2885 et
1294 2822 1320 2891 6»

304 2943 364 3008 33.
382 2927 403 2991 l.
421 2945 480 3007 99.
502 2923 537 2988 in
555 2927 622 2988 stnu
642 2927 833 2990 Charandro
849 2931 1011 2992 conditam
1029 2933 1115 3001 dicit.
1143 2930 1227 2991 unde
1242 2942 1319 3008 peut·

301 3031 376 3094 liare
397 3030 449 3091 hic
464 3021 575 3117 μυχὸς
595 3048 714 3091 nomen
733 3030 871 3093 babuisse
887 3032 1025 3094 videtur.
1071 3033 1208 3094 isthmus
1227 3041 1319 3089 antem

300 3132 354 3194 hic
375 3151 391 3192 a
413 3132 479 3194 stnu
498 3131 630 3192 Arabico
653 3133 691 3193 ad
715 3151 800 3194 mare
820 3132 982 3195 internum
999 3137 1163 3218 pertingit,
1187 3128 1319 3211 (Marcia-

301 3253 362 3295 nua
377 3253 409 3316 p.
427 3233 460 3296 6.
477 3231 597 3310 Huds.)
622 3245 654 3293 et
677 3251 692 3292 a
711 3232 792 3293 Gaza
813 3235 849 3294 ad
868 3235 972 3296 smum
989 3237 1180 3297 Elaniticnm
1203 3224 1317 3315 pedeslri

301 3335 416 3395 itinere
432 3331 540 3397 versun
556 3335 723 3395 meridiem
742 3335 832 3396 lladia
850 3338 995 3397 continet
1014 3333 1118 3408 1260,
1137 3337 1242 3416 (trip.
1255 3327 1316 3401 τοι)

301 3455 317 3496 a
339 3435 463 3497 Pelusio
487 3433 524 3495 ad
549 3435 825 3516 Heroopoliticum
846 3435 938 3498 sladia
961 3455 1052 3516 900.
1087 3439 1139 3499 vel
1161 3433 1315 3498 secundun

301 3535 511 3599 Postdonium
528 3537 637 3617 paullo
657 3540 803 3617 pauciora
827 3551 931 3615 1500.
954 3553 986 3600 et
1006 3537 1200 3622 serpentibus
1221 3528 1313 3596 insesso

300 3638 425 3702 itinere.
452 3636 578 3714 (Strabo
602 3652 655 3711 17.
673 3659 703 3718 p.
716 3653 798 3713 552.
812 3635 940 3718 sgo5.)
972 3641 1098 3702 Plinius
1112 3655 1144 3718 5.
1169 3657 1218 3704 ro..
1237 3633 1255 3696 s.
1269 3647 1312 3695 tt·

300 3740 383 3801 inter
398 3738 513 3803 Aelana
535 3752 568 3800 et
591 3738 709 3799 Gazam
733 3742 935 3802 intervallum
959 3737 1029 3802 lacit
1051 3757 1118 3820 150
1137 3743 1182 3805 bs.
1200 3741 1234 3802 Ρ.
1254 3735 1272 3795 i·
1288 3749 1311 3790 θ·

303 3855 399 3904 ι9οο
425 3838 605 3902 stadiorum.
657 3841 746 3902 idem
771 3861 799 3903 c.
821 3842 843 3903 s.
871 3861 910 3904 ex
938 3845 1094 3927 Agrippae
1118 3843 1311 3905 narrationet

300 3940 592 4012 PelusioArstnoen,
608 3961 701 4022 quam
718 3943 750 4002 in
767 3944 883 4005 intimo
895 3943 1011 4006 recessu
1027 3945 1157 4026 positam
1173 3942 1253 4026 supra
1266 3949 1311 3995 no·

301 4043 377 4112 tavi,
394 4059 450 4123 per
468 4039 585 4105 deserta
606 4055 672 4120 ι95
691 4043 737 4106 Μ.
749 4044 784 4105 Ρ.
802 4045 824 4107 i.
839 4063 869 4107 e.
889 4065 981 4108 tooo
1000 4046 1091 4107 sladia
1105 4055 1252 4109 removes.
1269 4030 1309 4094 sed

299 4141 338 4206 ab
353 4141 511 4228 Aegyptio
529 4145 607 4206 mari
630 4157 698 4222 125
718 4145 763 4208 M.
781 4145 817 4211 P.
838 4161 872 4222 9,
888 4147 947 4226 68.
991 4147 1143 4214 Ceterum
1159 4149 1197 4211 de
1211 4131 1308 4206 recessu
