2696 4896
276 419 337 484 ²16
543 418 703 479 NOTAE
741 417 1045 477 exnourtcau

281 597 364 682 apud
381 593 578 677 Stephanum
596 613 622 656 c.
638 594 660 656 l.
679 592 741 654 hoc
757 593 871 656 ordine
886 591 1042 666 recenset,
1070 592 1213 675 Scythas,
1240 585 1324 682 Iffe·

281 701 402 767 donas.
435 687 634 786 Arimaspos,
666 696 830 775 Rhipaeos
854 712 997 765 montes,
1031 708 1064 758 et
1089 695 1165 756 hinc
1187 693 1322 776 Hyper·

282 800 390 863 boreos
404 800 442 858 ad
458 799 590 858 alterurn
606 815 704 876 neque
720 815 822 866 mare,
855 796 1063 859 Antimachus
1079 795 1161 878 apud
1184 797 1322 878 Stepha-

282 921 364 964 num
400 901 531 961 eoedem
561 897 736 979 Arimaspos
768 897 855 961 dicit.
909 896 960 960 Cs.
985 897 1198 960 Plrerenicum
1228 895 1321 978 apud

283 1002 391 1068 Schol.
409 1001 539 1062 Pindari
558 997 596 1059 ad
624 999 751 1080 Olymp.
771 1011 803 1076 3,
825 1012 880 1077 23.
922 1001 1104 1062 Securulurn
1125 997 1322 1060 Strabonem

291 1125 347 1166 rr.
365 1122 398 1183 p.
413 1113 495 1180 549.
522 1099 544 1162 s.
565 1111 648 1176 507.
676 1089 881 1180 antiquilhmi
903 1102 1095 1162 Graecorum
1120 1100 1256 1179 Scythae
1281 1099 1323 1160 sic

286 1199 530 1285 descripserunt,
556 1215 606 1271 ut,
633 1203 690 1281 qui
715 1199 802 1282 [upra
826 1201 955 1272 Istrum,
990 1203 1154 1262 Euxinum
1178 1213 1324 1282 pontum

287 1321 321 1370 et
350 1323 434 1365 mare
457 1299 672 1364 Hadriaticum
698 1301 891 1373 habitarent,
929 1303 1168 1384 Hyperboreos,
1205 1301 1324 1362 Sauro-

287 1421 386 1470 matae
410 1417 442 1464 et
467 1401 643 1484 Arimaspoe
670 1401 820 1468 dicerent.
871 1405 922 1466 Sic
944 1404 1075 1483 Scythas
1098 1417 1190 1464 vocat
1207 1401 1323 1463 Schol.

288 1505 471 1572 Callimachi
488 1507 521 1565 in
537 1504 653 1564 Delum
671 1524 703 1563 v.
721 1519 803 1583 292.
846 1506 909 1567 dlii
925 1508 958 1566 in
974 1507 1111 1587 Europa,
1134 1505 1185 1564 alii
1202 1504 1235 1562 in
1257 1502 1328 1564 asra

288 1607 375 1672 ledea
391 1609 428 1669 iia
443 1606 620 1689 adsignant,
645 1606 693 1665 uti
708 1603 804 1668 refert
818 1606 902 1667 Plin.
920 1616 954 1688 4,
972 1605 1029 1669 26.
1047 1604 1068 1668 s.
1089 1621 1142 1666 ro.
1187 1607 1238 1664 De
1261 1607 1325 1664 Eu·

286 1729 364 1792 rope
388 1709 554 1770 contendit
574 1707 701 1768 Solinus
717 1725 783 1789 cap.
807 1706 895 1770 ros.
915 1724 972 1770 αι.
1024 1707 1112 1768 Ultra
1132 1707 1326 1768 Sarmatiam

288 1829 400 1874 eorum
419 1823 531 1870 terram
546 1809 584 1868 ad
601 1807 764 1868 Oceanum
778 1808 1021 1889 Hyperboreum
1034 1810 1127 1888 ponit
1143 1807 1328 1867 Marcianus

156 1935 159 1944 ·
286 1915 323 1974 in
344 1911 466 1994 periplo
487 1929 519 1990 p.
539 1911 598 1984 56.
621 1906 765 1992 (Huds.)
796 1909 850 1968 ubi
874 1911 968 1971 etiam
994 1921 1222 1970 commemorat
1247 1908 1328 1969 uhi-

288 2032 386 2098 paeoe
406 2025 549 2077 morarer,
575 2021 608 2070 et
629 2009 695 2089 pull
715 2030 747 2091 p.
768 2021 827 2086 57.
843 2008 864 2070 f.
890 2008 976 2092 supra
994 2009 1191 2071 Hiberniam.
1231 2005 1327 2096 IIpo't

287 2109 358 2185 τοῖς
370 2103 543 2198 ’Δρκτῴοις
560 2109 782 2190 Hyperboreos
799 2113 890 2194 pouit
905 2113 1011 2175 Schol.
1025 2113 1154 2172 Pindari
1169 2109 1205 2171 ad
1221 2111 1324 2190 Pyth.

295 2217 418 2286 rom.
448 2211 897 2274 luxuSarmoiamafiuicam
911 2215 945 2273 iu
961 2228 1039 2275 terra
1055 2215 1217 2296 incognita
1231 2211 1326 2274 habi·

292 2327 357 2375 tare
373 2311 619 2374 scribitPtolem.
632 2324 664 2388 5,
680 2331 713 2391 9.
740 2315 792 2376 Sic
804 2315 844 2372 dc
860 2313 1026 2376 Sarmatica
1038 2314 1214 2374 Domitiani
1227 2331 1327 2395 expe·

290 2414 415 2477 ditione
431 2412 656 2494 Hyperboreos
677 2429 907 2475 commemorat
923 2411 1032 2497 passim
1050 2415 1210 2476 Martialis.
1247 2415 1325 2476 vid.

291 2517 326 2576 in
350 2515 461 2595 primia
478 2528 510 2589 7.
530 2515 564 2576 6.
615 2515 662 2574 dd
683 2514 749 2575 lslri
773 2512 877 2578 sontes
891 2515 1046 2578 Pindarus
1060 2515 1188 2596 Olymp.
1208 2529 1240 2593 5,
1263 2525 1325 2591 25.

290 2615 347 2676 ubi
369 2616 436 2675 vid.
458 2614 566 2677 Schol.
604 2613 673 2676 Nec
704 2613 907 2677 consentiunt
938 2617 1165 2700 Argonauticae
1192 2615 1327 2696 expedi·

288 2717 388 2779 tionia
412 2713 589 2796 scriptores,
622 2717 709 2795 quod
733 2715 809 2778 solet
825 2717 892 2778 fieri
914 2719 948 2778 iu
969 2719 1116 2796 mythicie
1136 2719 1327 2778 narrationi·

289 2817 367 2888 bue,
400 2817 453 2878 etsr
475 2817 550 2876 inde
568 2814 850 2898 Hyperboreorum
871 2816 952 2879 sama
970 2821 1106 2880 maxime
1123 2819 1250 2901 vulgara
1268 2818 1324 2880 est.

288 2916 404 2982 Versue
427 2915 687 2998 septemtrionem
708 2917 801 2980 habet
816 2918 965 3001 Orpheus
982 2941 1014 2982 v.
1035 2932 1139 2996 1075.
1158 2933 1190 2980 et
1211 2932 1323 2997 rogo.

155 3087 156 3093 ¹
288 3021 325 3081 atl
345 3017 474 3080 Eridani
492 3021 592 3099 ripae,
617 3017 673 3078 ubi
694 3018 864 3089 electrum,
891 3021 1038 3102 Apollou.
1055 3020 1159 3080 Rhod.
1179 3031 1213 3098 4,
1232 3018 1324 3099 614.

289 3121 343 3183 Sic
357 3132 487 3183 notante
501 3119 607 3181 Schol.
624 3119 662 3180 ad
679 3135 711 3188 o,
728 3121 812 3195 677.
836 3120 1024 3183 Posidonius
1045 3122 1084 3182 ad
1100 3123 1205 3182 ltaliae
1226 3122 1326 3202 Alpe·

288 3240 344 3284 eoe
370 3221 508 3282 habitare
535 3218 705 3300 scripserat,
739 3233 772 3281 et
789 3221 988 3284 -Prorarchur
1012 3222 1096 3304 apud
1119 3222 1326 3304 Stephanum

287 3322 449 3402 Rhipaeos
478 3333 620 3390 montea.
652 3321 709 3381 ubi
734 3323 789 3382 alii
816 3337 1084 3391 commemorant.
1119 3323 1159 3382 de
1187 3323 1326 3403 Alpibus

288 3422 450 3505 intelligit.
491 3404 543 3484 Cf.
571 3421 608 3510 acl
636 3437 669 3490 o,
701 3433 735 3503 4.
765 3443 820 3486 ιο.
881 3423 1106 3506 Hyperboreos
1139 3423 1325 3504 aliquorum

286 3522 322 3583 in
344 3521 512 3605 Hispaniae
534 3522 695 3600 Libyaeve
717 3524 810 3584 litore
833 3526 1019 3586 occidentali
1039 3525 1237 3606 quaerendos
1259 3523 1323 3586 ell'e

167 3681 168 3692 ,
287 3624 400 3685 multia
423 3621 556 3704 probare
579 3624 691 3682 nititur
716 3622 870 3685 Gesnerua
892 3627 930 3686 ad
959 3627 1074 3686 calcem
1099 3621 1222 3706 Orphei
1247 3645 1323 3708 pag.

202 3738 205 3744 ·
287 3731 363 3802 474
376 3723 437 3804 sqq.
473 3722 579 3784 Gallos
595 3725 700 3793 etiam,
722 3725 775 3804 qui
791 3725 927 3786 Romam
945 3739 1174 3810 expugnarunt.
1197 3726 1324 3806 Hyper·

288 3818 402 3886 boreoa
424 3825 506 3885 dixit
527 3825 706 3885 Heracliden
729 3826 892 3896 Ponticus,
922 3827 996 3888 telle
1017 3827 1184 3888 Plutarcho
1208 3828 1241 3885 in
1261 3827 1323 3888 Ca·

284 3925 375 3985 millo
391 3943 456 4006 cap.
476 3941 533 3987 oa.
561 3926 600 3986 de
621 3944 684 4005 quo
701 3923 741 3988 cs.
756 3927 795 3986 acl
813 3943 845 3998 o,
866 3937 901 4006 4,
925 3946 979 3992 ιο.
1020 3927 1140 3990 Contra
1162 3926 1322 3990 Celticum

282 4027 413 4107 antiquo
434 4024 521 4086 sensu
546 4027 579 4086 in
603 4025 721 4087 Oceani
743 4025 841 4088 insula
861 4030 963 4091 Arctia
987 4028 1122 4090 subiecta
1142 4029 1322 4090 Hecataeus

280 4129 367 4211 apud
384 4127 518 4191 Diodor.
534 4127 595 4190 Sic.
615 4143 648 4200 2,
667 4143 728 4211 47.
745 4129 791 4190 in.
827 4129 883 4191 ubi
900 4127 939 4194 cs.
957 4129 1145 4216 wesseling,
1170 4131 1227 4212 qui
1248 4127 1321 4192 Cel·
