<?xml version="1.0" encoding="UTF-8"?>
<!DOCTYPE html PUBLIC "-//W3C//DTD XHTML 1.0 Transitional//EN"
    "http://www.w3.org/TR/xhtml1/DTD/xhtml1-transitional.dtd">
<html xmlns="http://www.w3.org/1999/xhtml" xml:lang="en" lang="en">
 <head>
  <title>
</title>
<meta http-equiv="Content-Type" content="text/html;charset=utf-8" />
  <meta name='ocr-system' content='tesseract 3.04.00' />
  <meta name='ocr-capabilities' content='ocr_page ocr_carea ocr_par ocr_line ocrx_word'/>
</head>
<body>
  <div class='ocr_page' id='page_1' title='image "./pomponiimelaede03melagoog_0254.png"; bbox 0 0 2650 4896; ppageno 0'>
   <div class='ocr_carea' id='block_1_1' title="bbox 237 385 1007 464">
    <p class='ocr_par' dir='ltr' id='par_1_1' title="bbox 237 385 1007 464">
     <span class='ocr_line' id='line_1_1' title="bbox 237 385 1007 464; baseline -0.01 -14"><span class='ocrx_word' id='word_1_1' title='bbox 237 395 299 464; x_wconf 70' lang='lat' dir='ltr'><strong>rto</strong></span> <span class='ocrx_word' id='word_1_2' title='bbox 501 385 665 447; x_wconf 73' lang='lat' dir='ltr'><strong>storin</strong></span> <span class='ocrx_word' id='word_1_3' title='bbox 705 386 1007 445; x_wconf 76' lang='lat' dir='ltr'><strong>uxuourrotu</strong></span> 
     </span>
    </p>
   </div>
   <div class='ocr_carea' id='block_1_2' title="bbox 241 557 1285 1030">
    <p class='ocr_par' dir='ltr' id='par_1_2' title="bbox 241 557 1285 1030">
     <span class='ocr_line' id='line_1_2' title="bbox 241 557 1281 642; baseline -0.002 -18"><span class='ocrx_word' id='word_1_4' title='bbox 241 565 274 626; x_wconf 88' lang='lat' dir='ltr'><strong>io</strong></span> <span class='ocrx_word' id='word_1_5' title='bbox 290 561 380 626; x_wconf 81' lang='lat' dir='ltr'><strong>ludis</strong></span> <span class='ocrx_word' id='word_1_6' title='bbox 394 561 533 632; x_wconf 66' lang='lat' dir='ltr'><strong>arbuta,</strong></span> <span class='ocrx_word' id='word_1_7' title='bbox 555 559 611 622; x_wconf 85' lang='lat' dir='ltr'><strong>nbi</strong></span> <span class='ocrx_word' id='word_1_8' title='bbox 631 559 736 642; x_wconf 78' lang='lat' dir='ltr'><strong>byll&#39;ut</strong></span> <span class='ocrx_word' id='word_1_9' title='bbox 755 559 909 630; x_wconf 71' lang='lat' dir='ltr'><strong>unitatur,</strong></span> <span class='ocrx_word' id='word_1_10' title='bbox 932 557 1080 622; x_wconf 76' lang='lat' dir='ltr'><strong>describit</strong></span> <span class='ocrx_word' id='word_1_11' title='bbox 1093 557 1281 622; x_wconf 75' lang='lat' dir='ltr'><strong>Phnoum.</strong></span> 
     </span>
     <span class='ocr_line' id='line_1_3' title="bbox 242 659 1283 746; baseline -0.004 -20"><span class='ocrx_word' id='word_1_12' title='bbox 242 667 275 726; x_wconf 91' lang='lat' dir='ltr'><strong>in</strong></span> <span class='ocrx_word' id='word_1_13' title='bbox 294 665 443 746; x_wconf 80' lang='lat' dir='ltr'><strong>Apollou.</strong></span> <span class='ocrx_word' id='word_1_14' title='bbox 463 679 496 733; x_wconf 86' lang='grc'><strong>9,</strong></span> <span class='ocrx_word' id='word_1_15' title='bbox 521 679 580 726; x_wconf 81' lang='lat' dir='ltr'><strong>tto.</strong></span> <span class='ocrx_word' id='word_1_16' title='bbox 614 675 647 724; x_wconf 82' lang='lat' dir='ltr'><strong>et</strong></span> <span class='ocrx_word' id='word_1_17' title='bbox 672 663 795 745; x_wconf 84' lang='lat' dir='ltr'><strong>populo</strong></span> <span class='ocrx_word' id='word_1_18' title='bbox 819 659 943 732; x_wconf 77' lang='lat' dir='ltr'><strong>fimilrs.</strong></span> <span class='ocrx_word' id='word_1_19' title='bbox 969 659 1054 724; x_wconf 80' lang='lat' dir='ltr'><strong>loliis</strong></span> <span class='ocrx_word' id='word_1_20' title='bbox 1076 659 1158 722; x_wconf 71' lang='lat' dir='ltr'><strong>inlici</strong></span> <span class='ocrx_word' id='word_1_21' title='bbox 1185 661 1283 722; x_wconf 82' lang='lat' dir='ltr'><strong>dicit.</strong></span> 
     </span>
     <span class='ocr_line' id='line_1_4' title="bbox 242 761 1285 844; baseline -0.006 -16"><span class='ocrx_word' id='word_1_22' title='bbox 242 767 327 828; x_wconf 73' lang='lat' dir='ltr'><strong>Alias</strong></span> <span class='ocrx_word' id='word_1_23' title='bbox 347 767 380 826; x_wconf 87' lang='lat' dir='ltr'><strong>iu</strong></span> <span class='ocrx_word' id='word_1_24' title='bbox 403 765 515 828; x_wconf 78' lang='lat' dir='ltr'><strong>Arabia</strong></span> <span class='ocrx_word' id='word_1_25' title='bbox 533 765 617 824; x_wconf 80' lang='lat' dir='ltr'><strong>riclit</strong></span> <span class='ocrx_word' id='word_1_26' title='bbox 634 763 749 832; x_wconf 71' lang='lat' dir='ltr'><strong>Bolon.</strong></span> <span class='ocrx_word' id='word_1_27' title='bbox 773 764 862 840; x_wconf 84' lang='lat' dir='ltr'><strong>(rid.</strong></span> <span class='ocrx_word' id='word_1_28' title='bbox 876 761 1001 826; x_wconf 75' lang='lat' dir='ltr'><strong>observ.</strong></span> <span class='ocrx_word' id='word_1_29' title='bbox 1020 783 1052 844; x_wconf 85' lang='lat' dir='ltr'><strong>p.</strong></span> <span class='ocrx_word' id='word_1_30' title='bbox 1073 765 1176 840; x_wconf 75' lang='lat'>125.)</span> <span class='ocrx_word' id='word_1_31' title='bbox 1201 780 1285 842; x_wconf 77' lang='lat' dir='ltr'><strong>qua·</strong></span> 
     </span>
     <span class='ocr_line' id='line_1_5' title="bbox 241 863 1285 944; baseline -0.003 -18"><span class='ocrx_word' id='word_1_32' title='bbox 241 885 313 926; x_wconf 89' lang='lat' dir='ltr'><strong>rum</strong></span> <span class='ocrx_word' id='word_1_33' title='bbox 348 869 450 927; x_wconf 75' lang='lat' dir='ltr'><strong>lanam</strong></span> <span class='ocrx_word' id='word_1_34' title='bbox 477 865 680 944; x_wconf 77' lang='lat' dir='ltr'><strong>bombycinis</strong></span> <span class='ocrx_word' id='word_1_35' title='bbox 705 866 765 928; x_wconf 82' lang='lat' dir='ltr'><strong>filit</strong></span> <span class='ocrx_word' id='word_1_36' title='bbox 789 863 985 928; x_wconf 73' lang='lat' dir='ltr'>subtiliorem</span> <span class='ocrx_word' id='word_1_37' title='bbox 1017 864 1113 935; x_wconf 85' lang='lat' dir='ltr'><strong>dicit,</strong></span> <span class='ocrx_word' id='word_1_38' title='bbox 1149 883 1190 926; x_wconf 79' lang='lat' dir='ltr'><strong>ex</strong></span> <span class='ocrx_word' id='word_1_39' title='bbox 1215 882 1285 944; x_wconf 73' lang='lat' dir='ltr'><strong>qun</strong></span> 
     </span>
     <span class='ocr_line' id='line_1_6' title="bbox 242 966 680 1030; baseline -0.002 0"><span class='ocrx_word' id='word_1_40' title='bbox 242 966 360 1030; x_wconf 79' lang='lat' dir='ltr'><strong>Arabes</strong></span> <span class='ocrx_word' id='word_1_41' title='bbox 379 967 478 1030; x_wconf 73' lang='lat' dir='ltr'><strong>velles</strong></span> <span class='ocrx_word' id='word_1_42' title='bbox 501 968 680 1030; x_wconf 80' lang='lat' dir='ltr'><strong>conficiant.</strong></span> 
     </span>
    </p>
   </div>
   <div class='ocr_carea' id='block_1_3' title="bbox 244 1167 1286 2058">
    <p class='ocr_par' dir='ltr' id='par_1_3' title="bbox 244 1167 1286 2058">
     <span class='ocr_line' id='line_1_7' title="bbox 317 1167 1284 1249; baseline -0.002 -19"><span class='ocrx_word' id='word_1_43' title='bbox 317 1170 558 1232; x_wconf 80' lang='lat' dir='ltr'><strong>internodio</strong></span> <span class='ocrx_word' id='word_1_44' title='bbox 566 1167 584 1249; x_wconf 89' lang='lat'><em>)</em></span> <span class='ocrx_word' id='word_1_45' title='bbox 633 1168 741 1232; x_wconf 73' lang='lat' dir='ltr'><strong>Portet</strong></span> <span class='ocrx_word' id='word_1_46' title='bbox 755 1169 838 1232; x_wconf 76' lang='lat' dir='ltr'><strong>inter</strong></span> <span class='ocrx_word' id='word_1_47' title='bbox 853 1169 936 1232; x_wconf 80' lang='lat' dir='ltr'><strong>duos</strong></span> <span class='ocrx_word' id='word_1_48' title='bbox 951 1168 1113 1238; x_wconf 78' lang='lat' dir='ltr'><strong>miculos,</strong></span> <span class='ocrx_word' id='word_1_49' title='bbox 1138 1187 1223 1249; x_wconf 79' lang='lat' dir='ltr'><strong>quas</strong></span> <span class='ocrx_word' id='word_1_50' title='bbox 1244 1167 1284 1228; x_wconf 88' lang='lat' dir='ltr'><strong>iu</strong></span> 
     </span>
     <span class='ocr_line' id='line_1_8' title="bbox 244 1268 1284 1354; baseline -0.003 -20"><span class='ocrx_word' id='word_1_51' title='bbox 244 1273 401 1334; x_wconf 71' lang='lat' dir='ltr'><strong>nundine</strong></span> <span class='ocrx_word' id='word_1_52' title='bbox 429 1273 522 1334; x_wconf 83' lang='lat' dir='ltr'><strong>nodis</strong></span> <span class='ocrx_word' id='word_1_53' title='bbox 544 1268 644 1330; x_wconf 81' lang='lat' dir='ltr'><strong>ioleut</strong></span> <span class='ocrx_word' id='word_1_54' title='bbox 665 1269 825 1354; x_wconf 77' lang='lat' dir='ltr'><strong>distingui.</strong></span> <span class='ocrx_word' id='word_1_55' title='bbox 877 1291 902 1332; x_wconf 87' lang='lat' dir='ltr'><strong>t.</strong></span> <span class='ocrx_word' id='word_1_56' title='bbox 926 1289 1125 1333; x_wconf 78' lang='lat' dir='ltr'><strong>ononovrvs</strong></span> <span class='ocrx_word' id='word_1_57' title='bbox 1145 1269 1224 1330; x_wconf 81' lang='lat' dir='ltr'><strong>MS.</strong></span> <span class='ocrx_word' id='word_1_58' title='bbox 1249 1287 1284 1331; x_wconf 89' lang='grc' dir='ltr'><strong>ι.</strong></span> 
     </span>
     <span class='ocr_line' id='line_1_9' title="bbox 244 1369 1286 1456; baseline -0.002 -24"><span class='ocrx_word' id='word_1_59' title='bbox 244 1373 282 1433; x_wconf 88' lang='lat' dir='ltr'><strong>iu</strong></span> <span class='ocrx_word' id='word_1_60' title='bbox 302 1371 355 1432; x_wconf 74' lang='lat' dir='ltr'><strong>tuli</strong></span> <span class='ocrx_word' id='word_1_61' title='bbox 378 1392 493 1456; x_wconf 78' lang='lat' dir='ltr'>genere</span> <span class='ocrx_word' id='word_1_62' title='bbox 509 1370 659 1432; x_wconf 78' lang='lat' dir='ltr'><strong>fruticum</strong></span> <span class='ocrx_word' id='word_1_63' title='bbox 676 1371 753 1432; x_wconf 90' lang='lat' dir='ltr'><strong>uodi</strong></span> <span class='ocrx_word' id='word_1_64' title='bbox 771 1375 936 1444; x_wconf 83' lang='lat' dir='ltr'><strong>dicuutur,</strong></span> <span class='ocrx_word' id='word_1_65' title='bbox 961 1391 1059 1454; x_wconf 88' lang='lat' dir='ltr'><strong>quum</strong></span> <span class='ocrx_word' id='word_1_66' title='bbox 1075 1369 1204 1432; x_wconf 77' lang='lat' dir='ltr'><strong>articuli</strong></span> <span class='ocrx_word' id='word_1_67' title='bbox 1217 1369 1286 1430; x_wconf 88' lang='lat' dir='ltr'><strong>lint</strong></span> 
     </span>
     <span class='ocr_line' id='line_1_10' title="bbox 246 1468 1282 1545; baseline -0.002 -11"><span class='ocrx_word' id='word_1_68' title='bbox 246 1475 286 1534; x_wconf 80' lang='lat' dir='ltr'><strong>do</strong></span> <span class='ocrx_word' id='word_1_69' title='bbox 308 1474 510 1542; x_wconf 78' lang='lat' dir='ltr'><strong>virentibus.</strong></span> <span class='ocrx_word' id='word_1_70' title='bbox 542 1485 575 1533; x_wconf 84' lang='lat' dir='ltr'><strong>et</strong></span> <span class='ocrx_word' id='word_1_71' title='bbox 599 1487 704 1533; x_wconf 78' lang='lat' dir='ltr'><strong>tumen</strong></span> <span class='ocrx_word' id='word_1_72' title='bbox 730 1473 810 1533; x_wconf 83' lang='lat' dir='ltr'><strong>dicit</strong></span> <span class='ocrx_word' id='word_1_73' title='bbox 831 1475 860 1536; x_wconf 88' lang='lat' dir='ltr'><strong>i.</strong></span> <span class='ocrx_word' id='word_1_74' title='bbox 877 1471 964 1535; x_wconf 74' lang='lat' dir='ltr'><strong>caet.</strong></span> <span class='ocrx_word' id='word_1_75' title='bbox 988 1472 1029 1534; x_wconf 79' lang='lat' dir='ltr'><strong>do</strong></span> <span class='ocrx_word' id='word_1_76' title='bbox 1048 1472 1086 1534; x_wconf 88' lang='lat' dir='ltr'><strong>B.</strong></span> <span class='ocrx_word' id='word_1_77' title='bbox 1105 1472 1145 1532; x_wconf 85' lang='lat' dir='ltr'><strong>G.</strong></span> <span class='ocrx_word' id='word_1_78' title='bbox 1163 1468 1198 1539; x_wconf 87' lang='grc'><strong>6,</strong></span> <span class='ocrx_word' id='word_1_79' title='bbox 1216 1483 1282 1545; x_wconf 90' lang='grc'><strong>97.</strong></span> 
     </span>
     <span class='ocr_line' id='line_1_11' title="bbox 245 1563 1285 1664; baseline -0.007 -26"><span class='ocrx_word' id='word_1_80' title='bbox 245 1575 335 1638; x_wconf 80' lang='lat' dir='ltr'><em>Alces</em></span> <span class='ocrx_word' id='word_1_81' title='bbox 348 1595 439 1634; x_wconf 81' lang='lat' dir='ltr'><strong>crura</strong></span> <span class='ocrx_word' id='word_1_82' title='bbox 446 1571 520 1664; x_wconf 82' lang='lat' dir='ltr'><strong>fine</strong></span> <span class='ocrx_word' id='word_1_83' title='bbox 535 1572 626 1634; x_wconf 78' lang='lat' dir='ltr'><strong>nodis</strong></span> <span class='ocrx_word' id='word_1_84' title='bbox 646 1573 850 1656; x_wconf 80' lang='lat' dir='ltr'><strong>articulisque</strong></span> <span class='ocrx_word' id='word_1_85' title='bbox 868 1571 995 1635; x_wconf 75' lang='lat' dir='ltr'><strong>hubent.</strong></span> <span class='ocrx_word' id='word_1_86' title='bbox 1020 1567 1167 1658; x_wconf 76' lang='grc' dir='ltr'>(γόνατα</span> <span class='ocrx_word' id='word_1_87' title='bbox 1184 1563 1285 1656; x_wconf 68' lang='grc' dir='ltr'><em>ὄναρ-</em></span> 
     </span>
     <span class='ocr_line' id='line_1_12' title="bbox 245 1673 1281 1761; baseline -0.004 -23"><span class='ocrx_word' id='word_1_88' title='bbox 245 1676 320 1761; x_wconf 72' lang='grc' dir='ltr'><strong>θροι</strong></span> <span class='ocrx_word' id='word_1_89' title='bbox 341 1673 596 1756; x_wconf 79' lang='lat' dir='ltr'><strong>Metapbrulles.)</strong></span> <span class='ocrx_word' id='word_1_90' title='bbox 629 1694 652 1737; x_wconf 89' lang='lat' dir='ltr'><strong>r.</strong></span> <span class='ocrx_word' id='word_1_91' title='bbox 671 1692 867 1737; x_wconf 82' lang='lat' dir='ltr'><strong>ouonorrrs</strong></span> <span class='ocrx_word' id='word_1_92' title='bbox 883 1675 959 1738; x_wconf 85' lang='lat' dir='ltr'><strong>MS.</strong></span> <span class='ocrx_word' id='word_1_93' title='bbox 976 1691 1009 1738; x_wconf 88' lang='grc'><strong>9.</strong></span> <span class='ocrx_word' id='word_1_94' title='bbox 1060 1675 1113 1737; x_wconf 87' lang='lat' dir='ltr'><strong>Sic</strong></span> <span class='ocrx_word' id='word_1_95' title='bbox 1127 1689 1160 1736; x_wconf 81' lang='lat' dir='ltr'><strong>et</strong></span> <span class='ocrx_word' id='word_1_96' title='bbox 1175 1673 1281 1734; x_wconf 79' lang='lat' dir='ltr'><strong>ovid.</strong></span> 
     </span>
     <span class='ocr_line' id='line_1_13' title="bbox 246 1766 1282 1865; baseline -0.001 -29"><span class='ocrx_word' id='word_1_97' title='bbox 246 1775 380 1838; x_wconf 78' lang='lat' dir='ltr'><strong>Metam.</strong></span> <span class='ocrx_word' id='word_1_98' title='bbox 398 1777 430 1847; x_wconf 83' lang='lat'><strong>6,</strong></span> <span class='ocrx_word' id='word_1_99' title='bbox 449 1777 533 1852; x_wconf 84' lang='grc'><strong>956.</strong></span> <span class='ocrx_word' id='word_1_100' title='bbox 557 1774 661 1836; x_wconf 86' lang='lat' dir='ltr'><strong>mollio</strong></span> <span class='ocrx_word' id='word_1_101' title='bbox 680 1767 830 1865; x_wconf 82' lang='lat' dir='ltr'><strong>nervosus</strong></span> <span class='ocrx_word' id='word_1_102' title='bbox 843 1766 941 1862; x_wconf 79' lang='lat' dir='ltr'><em>facit</em></span> <span class='ocrx_word' id='word_1_103' title='bbox 957 1774 1135 1836; x_wconf 81' lang='lat' dir='ltr'><strong>irrterrtodia</strong></span> <span class='ocrx_word' id='word_1_104' title='bbox 1153 1773 1282 1853; x_wconf 76' lang='lat' dir='ltr'><strong>poples.</strong></span> 
     </span>
     <span class='ocr_line' id='line_1_14' title="bbox 246 1874 1284 1959; baseline -0.003 -21"><span class='ocrx_word' id='word_1_105' title='bbox 246 1878 297 1939; x_wconf 81' lang='lat' dir='ltr'><strong>lle</strong></span> <span class='ocrx_word' id='word_1_106' title='bbox 322 1875 383 1959; x_wconf 82' lang='lat' dir='ltr'><strong>ipis</strong></span> <span class='ocrx_word' id='word_1_107' title='bbox 404 1897 439 1941; x_wconf 79' lang='lat' dir='ltr'><strong>re</strong></span> <span class='ocrx_word' id='word_1_108' title='bbox 459 1876 498 1938; x_wconf 87' lang='lat' dir='ltr'><strong>sn:</strong></span> <span class='ocrx_word' id='word_1_109' title='bbox 519 1877 603 1938; x_wconf 90' lang='lat' dir='ltr'><strong>Plin.</strong></span> <span class='ocrx_word' id='word_1_110' title='bbox 621 1891 653 1950; x_wconf 83' lang='grc'><strong>7.</strong></span> <span class='ocrx_word' id='word_1_111' title='bbox 676 1891 710 1939; x_wconf 88' lang='grc'><strong>9.</strong></span> <span class='ocrx_word' id='word_1_112' title='bbox 735 1876 906 1938; x_wconf 82' lang='lat' dir='ltr'><strong>arundines</strong></span> <span class='ocrx_word' id='word_1_113' title='bbox 934 1889 1047 1938; x_wconf 77' lang='lat' dir='ltr'><strong>tantae</strong></span> <span class='ocrx_word' id='word_1_114' title='bbox 1077 1874 1284 1956; x_wconf 74' lang='lat' dir='ltr'><strong>proceritatis</strong></span> 
     </span>
     <span class='ocr_line' id='line_1_15' title="bbox 248 1973 1286 2058; baseline -0.005 -18"><span class='ocrx_word' id='word_1_115' title='bbox 248 1979 301 2056; x_wconf 91' lang='lat' dir='ltr'><strong>(iu</strong></span> <span class='ocrx_word' id='word_1_116' title='bbox 320 1979 448 2058; x_wconf 77' lang='lat' dir='ltr'><strong>indis).</strong></span> <span class='ocrx_word' id='word_1_117' title='bbox 475 1990 513 2039; x_wconf 80' lang='lat' dir='ltr'><strong>ut</strong></span> <span class='ocrx_word' id='word_1_118' title='bbox 544 1977 654 2056; x_wconf 78' lang='lat' dir='ltr'><strong>rogulo</strong></span> <span class='ocrx_word' id='word_1_119' title='bbox 675 1977 853 2038; x_wconf 84' lang='lat' dir='ltr'><strong>internodio</strong></span> <span class='ocrx_word' id='word_1_120' title='bbox 867 1977 956 2040; x_wconf 72' lang='lat' dir='ltr'><strong>alveo</strong></span> <span class='ocrx_word' id='word_1_121' title='bbox 977 1973 1152 2056; x_wconf 76' lang='lat' dir='ltr'><em>navigabili</em></span> <span class='ocrx_word' id='word_1_122' title='bbox 1172 1987 1286 2036; x_wconf 81' lang='lat' dir='ltr'><strong>ternos</strong></span> 
     </span>
    </p>
   </div>
   <div class='ocr_carea' id='block_1_4' title="bbox 245 2069 1287 2470">
    <p class='ocr_par' dir='ltr' id='par_1_4' title="bbox 245 2069 1287 2470">
     <span class='ocr_line' id='line_1_16' title="bbox 245 2069 1285 2165; baseline -0.001 -27"><span class='ocrx_word' id='word_1_123' title='bbox 245 2078 403 2138; x_wconf 83' lang='lat' dir='ltr'><strong>interdum</strong></span> <span class='ocrx_word' id='word_1_124' title='bbox 418 2080 557 2140; x_wconf 78' lang='lat' dir='ltr'><strong>homines</strong></span> <span class='ocrx_word' id='word_1_125' title='bbox 564 2069 693 2165; x_wconf 80' lang='lat' dir='ltr'><strong>ferant.</strong></span> <span class='ocrx_word' id='word_1_126' title='bbox 725 2077 775 2142; x_wconf 81' lang='lat' dir='ltr'><strong>Cf.</strong></span> <span class='ocrx_word' id='word_1_127' title='bbox 794 2078 880 2142; x_wconf 79' lang='lat' dir='ltr'><strong>idem</strong></span> <span class='ocrx_word' id='word_1_128' title='bbox 903 2075 955 2150; x_wconf 80' lang='lat'><strong>16,</strong></span> <span class='ocrx_word' id='word_1_129' title='bbox 972 2079 1029 2156; x_wconf 82' lang='lat'><strong>65.</strong></span> <span class='ocrx_word' id='word_1_130' title='bbox 1047 2077 1068 2140; x_wconf 86' lang='lat' dir='ltr'><strong>l.</strong></span> <span class='ocrx_word' id='word_1_131' title='bbox 1084 2079 1143 2154; x_wconf 79' lang='lat'><strong>36.</strong></span> <span class='ocrx_word' id='word_1_132' title='bbox 1176 2075 1285 2137; x_wconf 85' lang='lat' dir='ltr'><strong>Hero·</strong></span> 
     </span>
     <span class='ocr_line' id='line_1_17' title="bbox 245 2173 1285 2267; baseline 0 -29"><span class='ocrx_word' id='word_1_133' title='bbox 245 2179 342 2240; x_wconf 76' lang='lat' dir='ltr'><strong>dotus</strong></span> <span class='ocrx_word' id='word_1_134' title='bbox 366 2193 397 2254; x_wconf 78' lang='lat'><strong>3,</strong></span> <span class='ocrx_word' id='word_1_135' title='bbox 416 2190 473 2258; x_wconf 75' lang='lat'><strong>98.</strong></span> <span class='ocrx_word' id='word_1_136' title='bbox 498 2173 651 2267; x_wconf 72' lang='grc' dir='ltr'>καλάμου</span> <span class='ocrx_word' id='word_1_137' title='bbox 673 2173 705 2243; x_wconf 79' lang='grc' dir='ltr'><strong>ἓν</strong></span> <span class='ocrx_word' id='word_1_138' title='bbox 730 2174 810 2264; x_wconf 78' lang='grc' dir='ltr'>γόνυ</span> <span class='ocrx_word' id='word_1_139' title='bbox 829 2175 945 2244; x_wconf 78' lang='grc' dir='ltr'>πλοῖον</span> <span class='ocrx_word' id='word_1_140' title='bbox 967 2173 1103 2243; x_wconf 78' lang='grc' dir='ltr'>ἕκαστον</span> <span class='ocrx_word' id='word_1_141' title='bbox 1124 2173 1285 2241; x_wconf 79' lang='grc' dir='ltr'><strong>ποιέεται.</strong></span> 
     </span>
     <span class='ocr_line' id='line_1_18' title="bbox 246 2270 1285 2364; baseline 0.002 -26"><span class='ocrx_word' id='word_1_142' title='bbox 246 2279 381 2340; x_wconf 82' lang='lat' dir='ltr'><strong>Tzetzer</strong></span> <span class='ocrx_word' id='word_1_143' title='bbox 397 2281 469 2342; x_wconf 90' lang='lat' dir='ltr'><strong>chil.</strong></span> <span class='ocrx_word' id='word_1_144' title='bbox 480 2293 513 2350; x_wconf 86' lang='lat'><strong>7.</strong></span> <span class='ocrx_word' id='word_1_145' title='bbox 529 2289 613 2356; x_wconf 86' lang='grc'><strong>749.</strong></span> <span class='ocrx_word' id='word_1_146' title='bbox 629 2299 667 2342; x_wconf 82' lang='lat' dir='ltr'><strong>ex</strong></span> <span class='ocrx_word' id='word_1_147' title='bbox 683 2279 800 2342; x_wconf 79' lang='lat' dir='ltr'><strong>Cteira:</strong></span> <span class='ocrx_word' id='word_1_148' title='bbox 826 2273 866 2346; x_wconf 79' lang='grc' dir='ltr'><strong>τὸ</strong></span> <span class='ocrx_word' id='word_1_149' title='bbox 882 2273 913 2343; x_wconf 79' lang='grc' dir='ltr'><strong>ἓν</strong></span> <span class='ocrx_word' id='word_1_150' title='bbox 930 2275 1080 2364; x_wconf 76' lang='grc' dir='ltr'><em>γονάτων</em></span> <span class='ocrx_word' id='word_1_151' title='bbox 1097 2270 1155 2342; x_wconf 81' lang='grc' dir='ltr'><strong>δύο</strong></span> <span class='ocrx_word' id='word_1_152' title='bbox 1177 2275 1285 2340; x_wconf 77' lang='grc' dir='ltr'><em>ποιεῖν</em></span> 
     </span>
     <span class='ocr_line' id='line_1_19' title="bbox 247 2371 1287 2470; baseline -0.004 -28"><span class='ocrx_word' id='word_1_153' title='bbox 247 2373 399 2448; x_wconf 74' lang='grc' dir='ltr'><strong>όλκᾶὓας.</strong></span> <span class='ocrx_word' id='word_1_154' title='bbox 435 2381 564 2442; x_wconf 82' lang='lat' dir='ltr'><strong>Solinus</strong></span> <span class='ocrx_word' id='word_1_155' title='bbox 582 2401 607 2444; x_wconf 84' lang='lat' dir='ltr'><strong>c.</strong></span> <span class='ocrx_word' id='word_1_156' title='bbox 625 2395 683 2458; x_wconf 81' lang='grc'><strong>59.</strong></span> <span class='ocrx_word' id='word_1_157' title='bbox 701 2379 721 2442; x_wconf 84' lang='lat' dir='ltr'><strong>l.</strong></span> <span class='ocrx_word' id='word_1_158' title='bbox 739 2392 796 2458; x_wconf 85' lang='lat'><strong>55.</strong></span> <span class='ocrx_word' id='word_1_159' title='bbox 814 2381 937 2442; x_wconf 81' lang='lat' dir='ltr'><strong>arundo</strong></span> <span class='ocrx_word' id='word_1_160' title='bbox 957 2383 1004 2443; x_wconf 84' lang='lat' dir='ltr'><strong>itu</strong></span> <span class='ocrx_word' id='word_1_161' title='bbox 1020 2373 1133 2470; x_wconf 81' lang='lat' dir='ltr'><strong>cruffir,</strong></span> <span class='ocrx_word' id='word_1_162' title='bbox 1152 2371 1287 2468; x_wconf 77' lang='lat' dir='ltr'><strong>utfiffis</strong></span> 
     </span>
    </p>
   </div>
   <div class='ocr_carea' id='block_1_5' title="bbox 244 2478 1285 4182">
    <p class='ocr_par' dir='ltr' id='par_1_5' title="bbox 244 2478 1285 4182">
     <span class='ocr_line' id='line_1_20' title="bbox 247 2478 1283 2562; baseline -0.001 -21"><span class='ocrx_word' id='word_1_163' title='bbox 247 2481 432 2542; x_wconf 75' lang='lat' dir='ltr'><em>internodiis</em></span> <span class='ocrx_word' id='word_1_164' title='bbox 448 2478 539 2543; x_wconf 78' lang='lat' dir='ltr'><strong>lembi</strong></span> <span class='ocrx_word' id='word_1_165' title='bbox 554 2483 623 2542; x_wconf 83' lang='lat' dir='ltr'><em>vice</em></span> <span class='ocrx_word' id='word_1_166' title='bbox 640 2484 769 2543; x_wconf 71' lang='lat' dir='ltr'><strong>victitet</strong></span> <span class='ocrx_word' id='word_1_167' title='bbox 785 2484 985 2562; x_wconf 79' lang='lat' dir='ltr'><strong>navigantes.</strong></span> <span class='ocrx_word' id='word_1_168' title='bbox 1026 2482 1166 2544; x_wconf 79' lang='lat' dir='ltr'><strong>Bocoatii</strong></span> <span class='ocrx_word' id='word_1_169' title='bbox 1186 2481 1283 2541; x_wconf 82' lang='lat' dir='ltr'><strong>locus</strong></span> 
     </span>
     <span class='ocr_line' id='line_1_21' title="bbox 246 2581 1285 2666; baseline -0.003 -25"><span class='ocrx_word' id='word_1_170' title='bbox 246 2581 325 2662; x_wconf 86' lang='lat' dir='ltr'><strong>poll.</strong></span> <span class='ocrx_word' id='word_1_171' title='bbox 368 2581 624 2666; x_wconf 81' lang='lat' dir='ltr'><strong>Magnitudinem</strong></span> <span class='ocrx_word' id='word_1_172' title='bbox 644 2597 677 2645; x_wconf 80' lang='lat' dir='ltr'><strong>et</strong></span> <span class='ocrx_word' id='word_1_173' title='bbox 698 2583 853 2644; x_wconf 81' lang='lat' dir='ltr'><strong>ambitum</strong></span> <span class='ocrx_word' id='word_1_174' title='bbox 875 2581 1037 2644; x_wconf 77' lang='lat' dir='ltr'><strong>arundinis</strong></span> <span class='ocrx_word' id='word_1_175' title='bbox 1054 2583 1181 2644; x_wconf 75' lang='lat' dir='ltr'><strong>indicae</strong></span> <span class='ocrx_word' id='word_1_176' title='bbox 1200 2582 1285 2640; x_wconf 80' lang='lat' dir='ltr'><strong>varii</strong></span> 
     </span>
     <span class='ocr_line' id='line_1_22' title="bbox 247 2680 1283 2765; baseline 0.001 -23"><span class='ocrx_word' id='word_1_177' title='bbox 247 2681 417 2750; x_wconf 77' lang='lat' dir='ltr'><strong>celebrant,</strong></span> <span class='ocrx_word' id='word_1_178' title='bbox 434 2683 621 2765; x_wconf 80' lang='lat' dir='ltr'><strong>Pliniusque</strong></span> <span class='ocrx_word' id='word_1_179' title='bbox 637 2685 688 2754; x_wconf 84' lang='lat' dir='ltr'><strong>t6,</strong></span> <span class='ocrx_word' id='word_1_180' title='bbox 704 2680 761 2762; x_wconf 84' lang='grc'><strong>65.</strong></span> <span class='ocrx_word' id='word_1_181' title='bbox 774 2683 794 2746; x_wconf 85' lang='lat' dir='ltr'><strong>i.</strong></span> <span class='ocrx_word' id='word_1_182' title='bbox 806 2685 863 2762; x_wconf 76' lang='lat'><strong>56.</strong></span> <span class='ocrx_word' id='word_1_183' title='bbox 880 2685 958 2746; x_wconf 79' lang='lat' dir='ltr'><strong>circa</strong></span> <span class='ocrx_word' id='word_1_184' title='bbox 966 2683 1125 2746; x_wconf 78' lang='lat' dir='ltr'><strong>Acellnem</strong></span> <span class='ocrx_word' id='word_1_185' title='bbox 1140 2684 1283 2743; x_wconf 77' lang='lat' dir='ltr'><strong>maximo</strong></span> 
     </span>
     <span class='ocr_line' id='line_1_23' title="bbox 246 2779 1283 2854; baseline 0 -13"><span class='ocrx_word' id='word_1_186' title='bbox 246 2779 328 2842; x_wconf 79' lang='lat' dir='ltr'><strong>nasci</strong></span> <span class='ocrx_word' id='word_1_187' title='bbox 349 2783 445 2854; x_wconf 87' lang='lat' dir='ltr'><strong>dicit,</strong></span> <span class='ocrx_word' id='word_1_188' title='bbox 482 2783 538 2844; x_wconf 90' lang='lat' dir='ltr'><strong>ubi</strong></span> <span class='ocrx_word' id='word_1_189' title='bbox 555 2785 690 2847; x_wconf 82' lang='lat' dir='ltr'><strong>omnino</strong></span> <span class='ocrx_word' id='word_1_190' title='bbox 710 2787 860 2846; x_wconf 80' lang='lat' dir='ltr'><strong>maximas</strong></span> <span class='ocrx_word' id='word_1_191' title='bbox 883 2784 1008 2847; x_wconf 78' lang='lat' dir='ltr'><strong>arbores</strong></span> <span class='ocrx_word' id='word_1_192' title='bbox 1024 2783 1164 2846; x_wconf 78' lang='lat' dir='ltr'><strong>exsistere</strong></span> <span class='ocrx_word' id='word_1_193' title='bbox 1183 2783 1283 2842; x_wconf 82' lang='lat' dir='ltr'><strong>tradit</strong></span> 
     </span>
     <span class='ocr_line' id='line_1_24' title="bbox 246 2881 1283 2968; baseline 0.002 -24"><span class='ocrx_word' id='word_1_194' title='bbox 246 2881 359 2946; x_wconf 80' lang='lat' dir='ltr'><strong>Strabo</strong></span> <span class='ocrx_word' id='word_1_195' title='bbox 383 2897 435 2960; x_wconf 81' lang='lat'><strong>15.</strong></span> <span class='ocrx_word' id='word_1_196' title='bbox 453 2904 523 2968; x_wconf 78' lang='lat' dir='ltr'>pag.</span> <span class='ocrx_word' id='word_1_197' title='bbox 539 2899 623 2962; x_wconf 82' lang='grc'><strong>477.</strong></span> <span class='ocrx_word' id='word_1_198' title='bbox 644 2885 663 2948; x_wconf 85' lang='lat' dir='ltr'><strong>i.</strong></span> <span class='ocrx_word' id='word_1_199' title='bbox 683 2887 767 2966; x_wconf 82' lang='grc'><strong>694.</strong></span> <span class='ocrx_word' id='word_1_200' title='bbox 795 2885 971 2950; x_wconf 79' lang='lat' dir='ltr'><strong>Aristobulo</strong></span> <span class='ocrx_word' id='word_1_201' title='bbox 991 2899 1131 2948; x_wconf 74' lang='lat' dir='ltr'><strong>auctore.</strong></span> <span class='ocrx_word' id='word_1_202' title='bbox 1173 2883 1283 2946; x_wconf 70' lang='lat' dir='ltr'><strong>Multa</strong></span> 
     </span>
     <span class='ocr_line' id='line_1_25' title="bbox 247 2985 1284 3070; baseline -0.001 -25"><span class='ocrx_word' id='word_1_203' title='bbox 247 2985 343 3045; x_wconf 79' lang='lat' dir='ltr'><strong>otium</strong></span> <span class='ocrx_word' id='word_1_204' title='bbox 362 2987 503 3068; x_wconf 76' lang='lat' dir='ltr'><strong>conlegit</strong></span> <span class='ocrx_word' id='word_1_205' title='bbox 517 2987 643 3048; x_wconf 77' lang='lat' dir='ltr'><strong>salmas.</strong></span> <span class='ocrx_word' id='word_1_206' title='bbox 659 2988 691 3046; x_wconf 93' lang='lat' dir='ltr'><strong>in</strong></span> <span class='ocrx_word' id='word_1_207' title='bbox 709 3007 808 3050; x_wconf 82' lang='lat' dir='ltr'><strong>exerc.</strong></span> <span class='ocrx_word' id='word_1_208' title='bbox 826 2987 907 3048; x_wconf 90' lang='lat' dir='ltr'><strong>Plin.</strong></span> <span class='ocrx_word' id='word_1_209' title='bbox 924 3009 956 3070; x_wconf 83' lang='lat' dir='ltr'><strong>p.</strong></span> <span class='ocrx_word' id='word_1_210' title='bbox 971 3009 1015 3051; x_wconf 89' lang='lat' dir='ltr'><strong>rn.</strong></span> <span class='ocrx_word' id='word_1_211' title='bbox 1034 2998 1117 3063; x_wconf 84' lang='lat'>715.</span> <span class='ocrx_word' id='word_1_212' title='bbox 1144 2987 1284 3048; x_wconf 84' lang='lat' dir='ltr'><strong>Videtur</strong></span> 
     </span>
     <span class='ocr_line' id='line_1_26' title="bbox 248 3083 1283 3170; baseline 0.001 -24"><span class='ocrx_word' id='word_1_213' title='bbox 248 3083 308 3146; x_wconf 73' lang='lat' dir='ltr'><strong>etse</strong></span> <span class='ocrx_word' id='word_1_214' title='bbox 331 3089 452 3147; x_wconf 78' lang='lat' dir='ltr'><strong>srnnrlo</strong></span> <span class='ocrx_word' id='word_1_215' title='bbox 475 3087 523 3146; x_wconf 85' lang='lat' dir='ltr'><strong>illa</strong></span> <span class='ocrx_word' id='word_1_216' title='bbox 540 3085 657 3156; x_wconf 83' lang='lat' dir='ltr'><strong>indica.</strong></span> <span class='ocrx_word' id='word_1_217' title='bbox 682 3086 833 3156; x_wconf 83' lang='lat' dir='ltr'><strong>Bombos,</strong></span> <span class='ocrx_word' id='word_1_218' title='bbox 860 3107 919 3170; x_wconf 85' lang='lat' dir='ltr'><strong>qua</strong></span> <span class='ocrx_word' id='word_1_219' title='bbox 940 3089 1035 3150; x_wconf 84' lang='lat' dir='ltr'><strong>etism</strong></span> <span class='ocrx_word' id='word_1_220' title='bbox 1053 3087 1149 3149; x_wconf 82' lang='lat' dir='ltr'><strong>bodie</strong></span> <span class='ocrx_word' id='word_1_221' title='bbox 1170 3088 1204 3148; x_wconf 92' lang='lat' dir='ltr'><strong>iu</strong></span> <span class='ocrx_word' id='word_1_222' title='bbox 1228 3106 1283 3148; x_wconf 87' lang='lat' dir='ltr'><strong>ex·</strong></span> 
     </span>
     <span class='ocr_line' id='line_1_27' title="bbox 244 3185 1281 3258; baseline 0.007 -13"><span class='ocrx_word' id='word_1_223' title='bbox 244 3185 397 3248; x_wconf 83' lang='lat' dir='ltr'><strong>struendis</strong></span> <span class='ocrx_word' id='word_1_224' title='bbox 416 3187 581 3256; x_wconf 81' lang='lat' dir='ltr'><strong>domibus,</strong></span> <span class='ocrx_word' id='word_1_225' title='bbox 616 3190 729 3258; x_wconf 80' lang='lat' dir='ltr'><strong>alveis.</strong></span> <span class='ocrx_word' id='word_1_226' title='bbox 756 3189 903 3252; x_wconf 73' lang='lat' dir='ltr'><strong>lintribus</strong></span> <span class='ocrx_word' id='word_1_227' title='bbox 918 3202 1055 3250; x_wconf 85' lang='lat' dir='ltr'><strong>utuntur</strong></span> <span class='ocrx_word' id='word_1_228' title='bbox 1078 3189 1162 3252; x_wconf 82' lang='lat' dir='ltr'><strong>lutli.</strong></span> <span class='ocrx_word' id='word_1_229' title='bbox 1207 3189 1281 3252; x_wconf 84' lang='lat' dir='ltr'><strong>Vitl.</strong></span> 
     </span>
     <span class='ocr_line' id='line_1_28' title="bbox 246 3285 1280 3372; baseline 0.002 -23"><span class='ocrx_word' id='word_1_230' title='bbox 246 3285 373 3350; x_wconf 78' lang='lat' dir='ltr'><strong>Osbeclt</strong></span> <span class='ocrx_word' id='word_1_231' title='bbox 399 3285 490 3348; x_wconf 86' lang='lat' dir='ltr'><strong>lleile</strong></span> <span class='ocrx_word' id='word_1_232' title='bbox 511 3289 590 3350; x_wconf 78' lang='lat' dir='ltr'><strong>nach</strong></span> <span class='ocrx_word' id='word_1_233' title='bbox 612 3288 777 3352; x_wconf 85' lang='lat' dir='ltr'><strong>Oilindien</strong></span> <span class='ocrx_word' id='word_1_234' title='bbox 802 3323 843 3338; x_wconf 91' lang='lat'><em>-</em></span> <span class='ocrx_word' id='word_1_235' title='bbox 866 3293 918 3368; x_wconf 86' lang='lat' dir='ltr'><strong>(v.</strong></span> <span class='ocrx_word' id='word_1_236' title='bbox 941 3291 1078 3372; x_wconf 84' lang='lat' dir='ltr'><strong>Georgi)</strong></span> <span class='ocrx_word' id='word_1_237' title='bbox 1102 3309 1172 3372; x_wconf 70' lang='lat' dir='ltr'>pag.</span> <span class='ocrx_word' id='word_1_238' title='bbox 1193 3291 1280 3353; x_wconf 88' lang='grc'><strong>966.</strong></span> 
     </span>
     <span class='ocr_line' id='line_1_29' title="bbox 247 3389 1277 3473; baseline 0.006 -28"><span class='ocrx_word' id='word_1_239' title='bbox 247 3401 279 3447; x_wconf 84' lang='lat' dir='ltr'><strong>et</strong></span> <span class='ocrx_word' id='word_1_240' title='bbox 299 3408 378 3468; x_wconf 86' lang='lat' dir='ltr'><strong>quae</strong></span> <span class='ocrx_word' id='word_1_241' title='bbox 397 3389 541 3452; x_wconf 83' lang='lat' dir='ltr'><strong>conlecta</strong></span> <span class='ocrx_word' id='word_1_242' title='bbox 564 3391 653 3450; x_wconf 83' lang='lat' dir='ltr'><strong>dedit</strong></span> <span class='ocrx_word' id='word_1_243' title='bbox 665 3392 801 3452; x_wconf 84' lang='lat' dir='ltr'><strong>Kriinitz</strong></span> <span class='ocrx_word' id='word_1_244' title='bbox 816 3394 848 3452; x_wconf 93' lang='lat' dir='ltr'><strong>in</strong></span> <span class='ocrx_word' id='word_1_245' title='bbox 867 3391 1109 3473; x_wconf 76' lang='lat' dir='ltr'><strong>Encyklopidis</strong></span> <span class='ocrx_word' id='word_1_246' title='bbox 1126 3393 1225 3452; x_wconf 86' lang='lat' dir='ltr'><strong>Tum.</strong></span> <span class='ocrx_word' id='word_1_247' title='bbox 1243 3403 1277 3468; x_wconf 77' lang='lat'><strong>5.</strong></span> 
     </span>
     <span class='ocr_line' id='line_1_30' title="bbox 245 3488 1277 3576; baseline 0.004 -28"><span class='ocrx_word' id='word_1_248' title='bbox 245 3506 316 3572; x_wconf 79' lang='lat' dir='ltr'>pag.</span> <span class='ocrx_word' id='word_1_249' title='bbox 339 3499 411 3567; x_wconf 75' lang='grc'><strong>437</strong></span> <span class='ocrx_word' id='word_1_250' title='bbox 427 3488 490 3572; x_wconf 83' lang='lat' dir='ltr'>sqq.</span> <span class='ocrx_word' id='word_1_251' title='bbox 552 3493 604 3555; x_wconf 89' lang='lat' dir='ltr'><strong>Sic</strong></span> <span class='ocrx_word' id='word_1_252' title='bbox 633 3493 665 3552; x_wconf 91' lang='lat' dir='ltr'><strong>in</strong></span> <span class='ocrx_word' id='word_1_253' title='bbox 702 3493 871 3576; x_wconf 81' lang='lat' dir='ltr'><strong>Aethiopis</strong></span> <span class='ocrx_word' id='word_1_254' title='bbox 904 3511 1002 3574; x_wconf 83' lang='lat' dir='ltr'><strong>prope</strong></span> <span class='ocrx_word' id='word_1_255' title='bbox 1036 3490 1213 3553; x_wconf 76' lang='lat' dir='ltr'><strong>Astaboram</strong></span> <span class='ocrx_word' id='word_1_256' title='bbox 1242 3488 1277 3552; x_wconf 86' lang='lat' dir='ltr'><strong>ll.</strong></span> 
     </span>
     <span class='ocr_line' id='line_1_31' title="bbox 245 3581 1276 3679; baseline 0 -27"><span class='ocrx_word' id='word_1_257' title='bbox 245 3587 408 3678; x_wconf 70' lang='grc' dir='ltr'><strong>πορθμεῖα</strong></span> <span class='ocrx_word' id='word_1_258' title='bbox 432 3585 466 3653; x_wconf 77' lang='grc' dir='ltr'><strong>ἐκ</strong></span> <span class='ocrx_word' id='word_1_259' title='bbox 489 3581 641 3679; x_wconf 63' lang='lat' dir='ltr'><strong>rollionis</strong></span> <span class='ocrx_word' id='word_1_260' title='bbox 663 3589 742 3654; x_wconf 77' lang='lat' dir='ltr'><strong>factu</strong></span> <span class='ocrx_word' id='word_1_261' title='bbox 765 3607 867 3656; x_wconf 77' lang='lat' dir='ltr'><strong>narrat</strong></span> <span class='ocrx_word' id='word_1_262' title='bbox 884 3593 1050 3655; x_wconf 80' lang='lat' dir='ltr'><strong>Heliodor.</strong></span> <span class='ocrx_word' id='word_1_263' title='bbox 1069 3593 1104 3653; x_wconf 88' lang='lat' dir='ltr'><strong>in</strong></span> <span class='ocrx_word' id='word_1_264' title='bbox 1124 3591 1276 3672; x_wconf 79' lang='lat' dir='ltr'><strong>Aethiop.</strong></span> 
     </span>
     <span class='ocr_line' id='line_1_32' title="bbox 252 3691 1277 3776; baseline 0.003 -27"><span class='ocrx_word' id='word_1_265' title='bbox 252 3709 306 3760; x_wconf 83' lang='lat' dir='ltr'><strong>tu.</strong></span> <span class='ocrx_word' id='word_1_266' title='bbox 324 3700 358 3769; x_wconf 91' lang='grc'><strong>4.</strong></span> <span class='ocrx_word' id='word_1_267' title='bbox 376 3710 407 3772; x_wconf 89' lang='lat' dir='ltr'><strong>p.</strong></span> <span class='ocrx_word' id='word_1_268' title='bbox 426 3693 512 3770; x_wconf 85' lang='grc'><strong>469.</strong></span> <span class='ocrx_word' id='word_1_269' title='bbox 529 3691 679 3756; x_wconf 82' lang='lat' dir='ltr'><strong>Bourtlel.</strong></span> <span class='ocrx_word' id='word_1_270' title='bbox 701 3714 801 3776; x_wconf 80' lang='lat' dir='ltr'><strong>esque</strong></span> <span class='ocrx_word' id='word_1_271' title='bbox 824 3695 984 3756; x_wconf 72' lang='lat' dir='ltr'><strong>celerrima</strong></span> <span class='ocrx_word' id='word_1_272' title='bbox 1006 3694 1098 3765; x_wconf 87' lang='lat' dir='ltr'><strong>dicit,</strong></span> <span class='ocrx_word' id='word_1_273' title='bbox 1126 3713 1186 3754; x_wconf 83' lang='lat' dir='ltr'><strong>nec</strong></span> <span class='ocrx_word' id='word_1_274' title='bbox 1208 3693 1277 3774; x_wconf 88' lang='lat' dir='ltr'><strong>plu·</strong></span> 
     </span>
     <span class='ocr_line' id='line_1_33' title="bbox 246 3794 1278 3877; baseline 0.002 -26"><span class='ocrx_word' id='word_1_275' title='bbox 246 3809 311 3860; x_wconf 83' lang='lat' dir='ltr'><strong>res,</strong></span> <span class='ocrx_word' id='word_1_276' title='bbox 337 3811 430 3872; x_wconf 77' lang='lat' dir='ltr'><strong>quam</strong></span> <span class='ocrx_word' id='word_1_277' title='bbox 448 3794 529 3856; x_wconf 84' lang='lat' dir='ltr'><strong>dnos</strong></span> <span class='ocrx_word' id='word_1_278' title='bbox 545 3795 596 3856; x_wconf 80' lang='lat' dir='ltr'><strong>vel</strong></span> <span class='ocrx_word' id='word_1_279' title='bbox 617 3808 678 3858; x_wconf 86' lang='lat' dir='ltr'><strong>tres</strong></span> <span class='ocrx_word' id='word_1_280' title='bbox 696 3797 843 3857; x_wconf 79' lang='lat' dir='ltr'><strong>homines</strong></span> <span class='ocrx_word' id='word_1_281' title='bbox 864 3795 991 3858; x_wconf 83' lang='lat' dir='ltr'><strong>vehere.</strong></span> <span class='ocrx_word' id='word_1_282' title='bbox 1043 3796 1132 3855; x_wconf 87' lang='lat' dir='ltr'><strong>Tum</strong></span> <span class='ocrx_word' id='word_1_283' title='bbox 1155 3795 1278 3877; x_wconf 72' lang='lat' dir='ltr'><strong>pergit:</strong></span> 
     </span>
     <span class='ocr_line' id='line_1_34' title="bbox 246 3885 1276 3985; baseline 0.004 -33"><span class='ocrx_word' id='word_1_284' title='bbox 246 3885 396 3978; x_wconf 77' lang='grc' dir='ltr'>κάλαμος</span> <span class='ocrx_word' id='word_1_285' title='bbox 419 3889 481 3982; x_wconf 72' lang='grc' dir='ltr'><strong>γάρ</strong></span> <span class='ocrx_word' id='word_1_286' title='bbox 509 3891 574 3958; x_wconf 76' lang='grc' dir='ltr'>ἐστι</span> <span class='ocrx_word' id='word_1_287' title='bbox 599 3892 679 3980; x_wconf 78' lang='grc' dir='ltr'><strong>δίχα</strong></span> <span class='ocrx_word' id='word_1_288' title='bbox 711 3892 907 3985; x_wconf 72' lang='grc' dir='ltr'><strong><em>τετμημένος</em></strong></span> <span class='ocrx_word' id='word_1_289' title='bbox 932 3887 986 3959; x_wconf 75' lang='grc' dir='ltr'><strong>καὶ</strong></span> <span class='ocrx_word' id='word_1_290' title='bbox 1012 3889 1114 3982; x_wconf 63' lang='grc' dir='ltr'><strong>τομὴν</strong></span> <span class='ocrx_word' id='word_1_291' title='bbox 1136 3889 1276 3978; x_wconf 68' lang='grc' dir='ltr'>ἑκάστην</span> 
     </span>
     <span class='ocr_line' id='line_1_35' title="bbox 245 3985 1278 4085; baseline 0.001 -31"><span class='ocrx_word' id='word_1_292' title='bbox 245 3985 389 4073; x_wconf 75' lang='grc' dir='ltr'>σκάφιον</span> <span class='ocrx_word' id='word_1_293' title='bbox 418 3991 659 4085; x_wconf 71' lang='grc' dir='ltr'><strong>παρεχόμενοςς</strong></span> <span class='ocrx_word' id='word_1_294' title='bbox 699 3999 774 4060; x_wconf 80' lang='lat' dir='ltr'><strong>tales</strong></span> <span class='ocrx_word' id='word_1_295' title='bbox 808 3999 941 4062; x_wconf 74' lang='lat' dir='ltr'><strong>calamos</strong></span> <span class='ocrx_word' id='word_1_296' title='bbox 974 4000 1009 4058; x_wconf 91' lang='lat' dir='ltr'><strong>in</strong></span> <span class='ocrx_word' id='word_1_297' title='bbox 1038 3997 1149 4058; x_wconf 83' lang='lat' dir='ltr'><strong>Meroe</strong></span> <span class='ocrx_word' id='word_1_298' title='bbox 1181 3994 1278 4056; x_wconf 79' lang='lat' dir='ltr'><strong>insula</strong></span> 
     </span>
     <span class='ocr_line' id='line_1_36' title="bbox 245 4091 1277 4182; baseline 0.005 -30"><span class='ocrx_word' id='word_1_299' title='bbox 245 4091 390 4156; x_wconf 70' lang='lat' dir='ltr'><strong>noscere.</strong></span> <span class='ocrx_word' id='word_1_300' title='bbox 438 4095 485 4158; x_wconf 82' lang='lat' dir='ltr'><strong>itt</strong></span> <span class='ocrx_word' id='word_1_301' title='bbox 510 4117 547 4160; x_wconf 85' lang='lat' dir='ltr'><strong>ex</strong></span> <span class='ocrx_word' id='word_1_302' title='bbox 573 4119 691 4182; x_wconf 83' lang='lat' dir='ltr'><strong>papyro</strong></span> <span class='ocrx_word' id='word_1_303' title='bbox 713 4119 810 4163; x_wconf 81' lang='lat' dir='ltr'><strong>naret</strong></span> <span class='ocrx_word' id='word_1_304' title='bbox 833 4101 898 4161; x_wconf 85' lang='lat' dir='ltr'><strong>texi</strong></span> <span class='ocrx_word' id='word_1_305' title='bbox 919 4099 1060 4162; x_wconf 77' lang='lat' dir='ltr'><strong>adfirmat</strong></span> <span class='ocrx_word' id='word_1_306' title='bbox 1079 4097 1204 4161; x_wconf 86' lang='lat' dir='ltr'><strong>Plinius</strong></span> <span class='ocrx_word' id='word_1_307' title='bbox 1224 4111 1277 4177; x_wconf 79' lang='lat'><strong>15,</strong></span> 
     </span>
    </p>
   </div>
   <div class='ocr_carea' id='block_1_6' title="bbox 0 0 1337 4896">
    <p class='ocr_par' dir='ltr' id='par_1_6' title="bbox 0 0 1337 4896">
     <span class='ocr_line' id='line_1_37' title="bbox 0 0 1337 4896; baseline 0 0"><span class='ocrx_word' id='word_1_308' title='bbox 0 0 1337 4896; x_wconf 95' lang='lat' dir='ltr'><strong> </strong></span> 
     </span>
    </p>
   </div>
  </div>
 </body>
</html>
