2746 4894
271 419 338 504 „a
541 419 703 482 uorsa
744 419 1049 478 exnoarrcss

274 593 382 662 caecis
404 589 567 658 meatibus
591 591 770 679 aliquando
788 590 826 656 in
848 615 940 657 mare
962 591 1128 656 effluxisse.
1165 613 1319 658 vosstvs.

271 703 376 766 Recte
396 712 570 768 monetur,
601 693 803 758 narrationes
821 712 994 760 auctorum
1011 695 1097 758 inter
1111 696 1142 759 se
1158 698 1199 758 de
1218 695 1320 759 exitu

271 797 451 886 Euphratis
484 796 681 880 discrepare.
752 799 884 860 Praeter
914 797 1096 881 superiores
1129 797 1206 860 ostia
1238 795 1319 858 eius

274 914 534 967 commemorant
566 901 733 962 Nearchus
764 897 800 960 in
825 902 959 982 paraplo
986 919 1060 984 pag.
1080 916 1137 980 37.
1165 899 1317 980 (Huds.)

274 1005 392 1068 Strabo
408 1003 474 1064 c.l.
500 1019 573 1084 pag.
592 1013 650 1078 55.
670 1001 690 1062 s.
705 1013 763 1078 89.
790 1003 853 1062 stre
870 999 918 1062 ibi
941 1001 1177 1072 Eratosthenes,
1200 1017 1236 1060 et
1256 1013 1317 1077 15.

273 1127 306 1190 p.
322 1101 443 1184 501.s.
462 1118 545 1181 799.
605 1098 671 1164 Alii
694 1105 804 1164 lecum
824 1104 1008 1186 designant,
1038 1101 1086 1164 uti
1110 1099 1248 1163 omnino
1274 1099 1318 1162 in

273 1203 393 1272 Arabia
408 1201 537 1267 Plinius
553 1199 586 1274 6,
604 1219 661 1278 52.
678 1201 770 1280 198.
787 1201 877 1266 iuxta
899 1205 1090 1273 Teredonem.
1109 1205 1142 1266 h.
1157 1195 1316 1293 Bessara,

273 1305 411 1388 Dionys.
432 1329 464 1368 v.
481 1316 564 1385 989.
589 1319 622 1366 et
639 1325 679 1366 ex
696 1324 735 1366 eo
758 1303 941 1368 Priscianus
963 1327 994 1366 v.
1011 1315 1095 1384 908.
1117 1320 1150 1366 et
1165 1304 1319 1366 Avienus

275 1431 307 1474 v.
328 1409 433 1472 1162.
485 1404 704 1470 Consentiunt
728 1407 844 1468 Strabo
867 1407 920 1469 16.
945 1427 1016 1490 pag.
1034 1408 1117 1484 596.
1136 1406 1156 1468 s
1175 1408 1260 1483 765.
1280 1420 1320 1468 et

274 1508 361 1578 Plin.
378 1511 412 1582 6,
430 1523 487 1588 39.
504 1507 525 1570 1.
543 1518 598 1584 98.
622 1506 679 1591 991
696 1508 917 1570 confluentem
933 1505 981 1568 ibi
996 1525 1233 1572 commemorat
1246 1510 1320 1567 Eu-

275 1609 402 1700 phratis
418 1625 452 1672 et
468 1606 595 1692 Tigris.
623 1610 743 1695 dequo
760 1609 865 1692 supra.
903 1605 1057 1672 Arrianus
1073 1611 1114 1670 de
1132 1631 1203 1692 exp.
1218 1594 1318 1670 dlex.

278 1731 313 1794 7,
336 1731 391 1776 99.
416 1712 458 1774 ad
480 1711 558 1774 duas
580 1708 699 1772 insulas
720 1708 797 1772 ostia
822 1708 934 1795 ponit,
968 1731 986 1772 a
1011 1708 1131 1796 quihus
1154 1732 1218 1771 999
1243 1727 1319 1772 reo

276 1811 386 1878 lladiis
403 1811 507 1884 distet,
525 1815 637 1874 Icarus
653 1813 855 1878 9991991111.
873 1809 1052 1882 nominata,
1073 1815 1183 1882 altera,
1206 1812 1320 1894 sylus.

272 1914 378 1980 unius
393 1913 460 1976 diei
480 1935 517 1978 ac
535 1911 643 1976 noctis
658 1911 877 1996 navigatione.
930 1911 1006 1986 Alii,
1029 1913 1077 1976 ttti
1099 1911 1320 1976 Philostratus

277 2015 314 2082 in
334 2012 401 2080 viu
425 2011 592 2100 Apollonii
615 2037 644 2086 r,
666 2033 721 2077 99.
750 2031 921 2100 utramque
948 2012 1141 2098 opinionem
1170 2034 1320 2076 comme·

277 2133 425 2192 morant,
453 2116 508 2178 sed
523 2115 614 2201 quod
631 2115 671 2177 de
687 2113 893 2178 distractione
910 2116 945 2178 in
962 2118 1098 2200 paludes
1115 2115 1246 2186 scribit,
1273 2115 1321 2176 ad

278 2219 349 2284 eius
364 2233 492 2280 tanturn
506 2232 632 2302 partem
650 2238 802 2302 magnam
816 2217 925 2290 refert,
952 2219 1042 2302 quod
1058 2215 1183 2278 Plinius
1199 2233 1233 2296 5,
1257 2235 1274 2277 9
1288 2239 1319 2279 t.

277 2321 439 2387 999919
465 2315 643 2382 dexteriori
666 2316 736 2380 eius
760 2321 865 2392 alveo,
902 2316 959 2402 qui
988 2321 1186 2397 Babylonem
1218 2316 1320 2402 petit,

279 2421 446 2494 adfirmat,
473 2441 550 2485 cum
568 2441 586 2482 9
603 2435 692 2503 parte
708 2423 798 2482 laeva
816 2418 902 2483 circa
918 2419 1102 2482 Seleuciam
1118 2417 1248 2502 Tigridi
1266 2417 1320 2479 in-

278 2523 448 2593 fundetur,
474 2523 514 2584 de
531 2540 597 2605 quo
613 2518 821 2604 intelligendi
844 2522 916 2583 sunt
934 2519 1109 2601 Dionysius
1133 2537 1165 2584 et
1186 2522 1318 2594 Strabo,

279 2621 338 2712 qui
359 2645 418 2706 per
433 2623 635 2700 llabylonent
655 2637 687 2684 et
703 2620 783 2685 hine
798 2619 833 2684 in
846 2643 935 2685 mare
951 2623 1129 2684 deducunt.
1179 2625 1220 2685 At
1236 2643 1318 2684 cum

278 2723 515 2812 praeclulill'ent
533 2720 678 2786 Orcheni
697 2726 904 2808 accolasque,
935 2744 1030 2806 agros
1053 2721 1206 2807 rigantes,
1231 2724 1318 2784 Pasi-

278 2822 358 2909 tigri
381 2839 508 2886 tantum
531 2823 736 2886 deserebatur
758 2821 794 2885 in
814 2846 919 2897 mare,
951 2840 989 2886 ut
1011 2825 1110 2887 refert
1127 2822 1256 2886 Plinius
1280 2827 1319 2898 6,

281 2925 379 3006 51.t.
402 2941 459 3008 97.
511 2925 603 3008 Quae
623 2947 662 2986 ex
680 2923 782 3009 priori
802 2922 901 2987 Plinii
923 2928 998 2988 1999
1014 2924 1253 3009 intelliguntur,
1282 2943 1322 2990 et

281 3031 322 3092 tle
337 3024 469 3090 diversis
485 3023 689 3109 temporibus
711 3030 830 3089 valent.
876 3028 959 3088 .Non
975 3024 1091 3110 igitur,
1115 3028 1204 3112 quod
1221 3043 1320 3109 putat

282 3125 405 3192 Tellier
422 3129 463 3190 ad
478 3129 570 3192 Curt.
583 3147 617 3207 9,
633 3149 688 3199 ro,
701 3143 734 3204 3.
757 3129 845 3190 Mela
860 3148 899 3190 er
915 3126 1031 3190 Curtio
1048 3149 1075 3191 c.
1090 3131 1110 3190 l.
1130 3144 1162 3191 et
1176 3126 1320 3193 Arriano

281 3228 451 3293 resellitur.
511 3231 562 3290 De
584 3227 730 3291 desectus
758 3230 858 3291 causis
882 3226 982 3290 variis
1004 3226 1132 3313 prolixe
1153 3227 1321 3292 d’dnville

280 3329 317 3394 in
330 3327 508 3394 Mernoires
524 3330 564 3391 de
579 3327 759 3392 litterature
777 3367 815 3377 -
834 3331 875 3392 de
891 3326 981 3392 Paris
998 3331 1037 3392 T.
1049 3345 1107 3407 30.
1123 3354 1155 3414 p.
1171 3346 1233 3412 ¹7¹
1250 3331 1319 3416 sqq.

283 3449 316 3496 et
336 3431 377 3494 de
400 3428 471 3494 eius
492 3431 595 3494 cursu.
646 3428 791 3514 Quidam
811 3451 869 3514 per
882 3431 1006 3492 llumen
1024 3427 1059 3492 in
1077 3429 1195 3494 Arabia
1213 3453 1321 3492 enter·

280 3553 358 3620 gere
373 3547 540 3618 putarunt,
567 3547 702 3596 notante
719 3530 827 3594 Plinio
845 3533 878 3604 6,
898 3531 987 3612 591.
1003 3544 1060 3609 98.
1083 3530 1139 3594 alii
1158 3533 1239 3594 adeo
1258 3533 1319 3594 suh

281 3649 383 3698 terras
405 3632 566 3717 dilapsum
581 3631 616 3694 in
632 3635 779 3717 Aegypto
800 3632 933 3716 prodire
950 3648 983 3696 et
1003 3632 1080 3695 Nilo
1097 3625 1237 3704 misceri,
1266 3632 1320 3696 uti

281 3734 431 3798 adfirmat
450 3732 659 3798 Philostratus
676 3757 703 3798 e.
727 3736 747 3797 1.
787 3731 858 3796 Vid.
883 3755 965 3819 quate
989 3733 1134 3818 disputat
1156 3731 1320 3796 d'Anville

281 3836 334 3903 sur
349 3839 380 3898 le
396 3835 491 3899 Golse
508 3837 657 3920 persique
675 3851 708 3898 et
723 3835 775 3898 sur
792 3838 838 3897 les
855 3837 999 3898 bouchee
1018 3836 1058 3898 de
1073 3839 1093 3896 l'
1102 3838 1270 3922 Euphrate
1284 3851 1319 3898 et

281 3937 329 3998 du
344 3933 444 4020 Tigre
461 3934 497 4000 in
513 3934 687 4000 memoires
702 3973 753 3984 -
769 3937 809 3998 de
827 3935 915 3998 Paris
935 3937 1032 4000 Tem.
1049 3952 1105 4014 30.
1122 3959 1154 4020 p.
1171 3953 1237 4014 132
1248 3937 1315 4020 sqq.

281 4035 479 4122 Nuperrime
496 4042 556 4128 (17
562 4038 625 4126 97)
641 4059 681 4104 ex
698 4036 937 4103 recentioribus
955 4035 1038 4102 testis
1058 4040 1168 4102 tabula
1185 4035 1318 4122 egregie
