2650 4896
147 415 196 474 ιιι
221 413 356 474 rone.
387 415 494 472 nar„
534 415 571 474 a.
592 417 643 472 111.
687 417 808 490 cvn.
849 417 927 489 ιι.
992 427 1052 494 2³⁷

37 603 161 678 eap.15.
183 591 203 654 s.
222 607 281 654 ao.
306 611 396 652 mare
415 586 547 674 putavit
568 589 629 652 esse
651 587 770 654 Tabin.
817 591 939 654 Omnes
963 587 1053 653 enim

35 691 109 766 libri,
130 691 323 755 adfirmante
337 693 499 763 Salmasro,
521 693 654 775 legunt:
680 715 775 776 usqne
789 693 833 753 nd
848 717 942 762 more,
969 693 1056 778 qums

38 794 120 858 Talin
140 808 271 856 vocant.
317 814 453 858 vosarva
474 795 574 856 haec:
618 791 797 877 Disputant
819 791 906 856 inter
931 795 960 856 se
983 813 1055 856 eru·

35 894 101 968 diti,
129 911 242 958 utrum
268 892 324 956 hic
346 915 442 956 mone
465 891 556 958 idern
581 897 633 966 sn,
667 912 763 982 atque
786 893 1054 980 promuntorium

35 1014 199 1059 extremum
214 994 341 1068 Tauri,
365 995 454 1080 quod
468 996 539 1079 post
555 996 687 1060 Tamum
704 1013 811 1064 vocat.
853 999 971 1060 Verum
987 996 1055 1082 ipse

33 1100 106 1160 Mela
121 1099 205 1160 hanc
227 1095 323 1158 litem
339 1093 484 1168 dirimit,
511 1117 587 1158 cnm
603 1095 665 1166 ait,
691 1100 789 1182 longe
805 1100 844 1159 ab
861 1101 924 1162 hoc
940 1114 1054 1160 monte

34 1201 164 1261 Taurum
194 1195 312 1260 adtolli
344 1213 377 1259 et
407 1196 494 1259 inter
516 1195 626 1262 Tabia
648 1215 796 1262 montem
817 1213 849 1261 et
872 1198 1055 1262 extremum

34 1298 121 1362 Tauri
144 1297 415 1384 promuntorium
443 1301 515 1360 srtoa
543 1295 604 1361 esse
630 1301 735 1364 Seras.
800 1304 919 1364 Serum
943 1299 1056 1386 itaque
1142 1351 1146 1358 .

33 1400 112 1463 simeo
129 1422 146 1463 a
164 1398 399 1485 septemtrione
414 1397 515 1461 Tabia
532 1419 640 1472 mona,
666 1421 682 1460 a
699 1399 838 1464 meridie
854 1422 932 1464 vero
946 1405 1056 1464 Imaus

34 1505 58 1562 Τ
60 1499 122 1563 anri
141 1499 423 1586 promuntorium.
473 1499 604 1563 Deinde
621 1501 742 1564 Volsrna
765 1500 932 1586 instgniter
951 1503 1054 1564 hallu·

34 1601 122 1666 cinari
140 1601 524 1675 contenditSalmasrnm,
543 1601 625 1682 [vid.
636 1623 739 1667 exerc.
755 1602 840 1666 Plin.
858 1625 888 1688 p.
898 1627 942 1666 m.
956 1607 1058 1686 7oo.]

35 1701 82 1789 qui
105 1705 238 1788 operose
272 1703 438 1766 ollendere
467 1720 615 1774 conetur,
649 1703 757 1767 Tabin
782 1708 874 1768 snum
902 1703 993 1766 snisl'e
1016 1703 1058 1768 ad

35 1803 320 1887 septemtrionalem
336 1807 518 1880 Oceanum,
543 1825 611 1866 non
626 1826 705 1867 vero
722 1807 763 1868 ad
780 1807 887 1868 Eoum
903 1805 956 1867 sen
974 1801 1058 1868 Seri·

37 1926 108 1968 cum.
146 1907 249 1992 Quod
265 1903 348 1967 mihi
367 1922 479 1968 eontra
493 1905 634 1967 Volsrnm
649 1904 790 1970 videtur.
825 1903 1058 1991 DecepitVos·

37 2009 102 2068 sium
129 2008 234 2079 Colis,
267 2007 357 2092 qnod
382 2003 647 2090 promontorium
674 2009 766 2091 snpra
791 2005 933 2091 recepit,
960 2005 1058 2075 etad
1117 2080 1123 2088 Ι

38 2110 178 2190 angulum
199 2111 290 2171 Asiae
311 2123 494 2168 extremum
517 2107 626 2170 versus
643 2107 804 2172 orientem
826 2107 932 2192 ponit.
968 2109 1057 2172 Mela

38 2205 115 2268 enim
133 2209 219 2272 hanc
237 2207 317 2272 sacit
332 2211 586 2292 progressionem
606 2209 727 2273 notatio
747 2209 911 2272 terminia:
946 2231 962 2271 a
983 2211 1059 2289 Scy·

39 2305 116 2390 sdico
147 2308 377 2394 promontorio
412 2311 452 2372 ad
482 2331 591 2382 mare,
634 2310 693 2372 ubi
726 2313 855 2374 Taurus
889 2309 1059 2374 adtollitur

41 2407 114 2484 (rid.
139 2409 244 2490 insra)
278 2409 313 2472 in
336 2410 565 2494 promontorio
589 2412 706 2476 Tamo.
758 2413 839 2476 lude
865 2413 904 2474 ab
931 2411 1059 2474 oriente

39 2509 175 2592 procedit
196 2515 237 2574 ad
255 2510 371 2574 Colida
393 2512 545 2583 demum,
572 2515 659 2574 unde
675 2534 810 2596 vergere
832 2509 951 2597 incipit
965 2509 1059 2576 India

41 2611 74 2670 ad
90 2611 273 2675 meridiem.
318 2615 392 2676 Hoc
419 2611 493 2675 satis
518 2617 603 2676 clare
624 2613 693 2699 post
719 2617 818 2676 verba
841 2615 947 2676 Meloe
969 2610 1061 2676 evin·

41 2727 118 2774 cant
165 2715 291 2800 Quodsr
310 2733 389 2776 vero
411 2735 428 2775 a
447 2715 552 2776 Tamo
568 2713 671 2776 Tauri
693 2733 785 2799 parte
805 2719 894 2778 Eone
909 2717 1060 2782 Oceanus

43 2811 161 2876 demum
183 2813 314 2899 incipit,
339 2812 451 2887 Tabia,
485 2837 584 2900 aquo
601 2817 641 2878 ad
656 2819 798 2878 Tamum
815 2819 909 2878 Seres
928 2814 1060 2878 interia-

43 2929 120 2985 cent,
152 2937 222 2979 non
241 2915 343 3000 potell
363 2919 471 2978 Eoum
492 2937 583 2978 mare
601 2917 759 3002 spectare,
789 2919 843 2980 sed
864 2917 1060 3001 praecedens

44 3013 232 3094 Scythicum,
254 3033 287 3080 et
300 3014 413 3089 Tabia,
429 3033 466 3079 ut
481 3015 628 3092 nomine,
646 3016 691 3080 ita
707 3022 764 3080 fitn
783 3016 926 3081 disserta
943 3019 973 3077 T
976 3037 1060 3079 amo.

43 3113 157 3180 Veteres
171 3117 262 3181 enim
273 3116 494 3190 crediderunt,
511 3117 701 3198 Scythicum
711 3120 893 3192 Oceanum,
908 3115 1061 3181 conversa

45 3215 248 3282 adorientem
272 3220 395 3292 fronte,
428 3218 615 3284 continuari
640 3243 717 3284 cum
739 3223 830 3290 Eoo,
864 3235 962 3304 atque
983 3215 1063 3280 inde

46 3315 137 3401 excipi
163 3319 432 3395 meridionalem,
467 3337 505 3383 ut
528 3338 616 3385 recte
646 3321 794 3384 adfirmat
817 3323 986 3384 Salmasrna
1008 3321 1062 3382 vel

46 3411 104 3498 ipso
118 3423 204 3484 Mela
219 3421 303 3484 telle.
338 3425 427 3484 Haec
447 3424 544 3486 debet
561 3423 620 3485 elle
635 3425 740 3484 Melae
758 3419 927 3493 sententia,
949 3437 1063 3482 utrum

46 3536 126 3596 vera,
151 3544 214 3585 nec
229 3544 288 3595 ne,
320 3523 442 3586 dehoc
464 3542 553 3586 nunc
575 3545 642 3585 non
659 3519 846 3608 quaeritur,
870 3523 926 3585 sed
943 3537 975 3584 et
995 3517 1066 3606 ipsa

48 3615 146 3696 lacile,
172 3621 329 3686 adhibitis
352 3621 466 3688 nollrie
489 3623 626 3697 tabulis,
653 3621 852 3689 decernitur.

111 3825 219 3890 Seres
226 3825 244 3910 )
282 3827 309 3889 A
324 3827 389 3899 Ser,
409 3823 466 3912 qui
484 3824 706 3890 nominativus
720 3821 881 3910 reperitur
894 3819 931 3886 in
946 3820 1061 3889 Sidon.

49 3917 137 4003 dpoll.
156 3941 190 4006 5,
211 3939 271 4008 43.
295 3928 349 3988 Ser
368 3929 481 3990 vessera
495 3920 581 4018 fert.
633 3927 724 3990 Falso
748 3925 895 3992 enimin
925 3929 1063 3988 Lucano

53 4039 77 4096 ι,
97 4045 143 4106 ¹9·
161 4032 244 4091 Seres
268 4030 459 4111 smgularem
481 4029 542 4090 else
559 4043 757 4112 putaverunt
776 4025 909 4091 Servius
926 4044 961 4090 et
975 4029 1063 4089 Vale·

48 4117 105 4186 rius
124 4129 267 4202 Probus,
302 4143 340 4192 ut
358 4129 456 4194 docet
471 4127 519 4193 ibi
536 4129 747 4216 Oudendorp.
766 4132 874 4220 Σῆραι
898 4127 934 4193 in
951 4143 1062 4194 vetere
