2724 4904
302 473 365 542 54⁸
574 465 735 526 noran
775 464 1090 528 arnonrrcaa

184 721 186 726 Ι
252 635 261 656 “
311 638 333 702 l.
356 648 410 718 14.
430 639 558 704 eonllat.
584 641 741 705 Videntur
752 643 808 726 ipli
822 653 962 707 auctores
975 645 1009 704 in
1020 641 1077 704 hie
1086 637 1233 702 tenebrle
1246 637 1351 712 errall'e.

312 745 485 802 nominum
509 743 717 806 similitudine
740 745 881 826 decepti,
917 759 971 807 aut
999 743 1105 814 Saba,
1141 755 1176 805 et
1197 742 1306 804 urbem
1326 756 1351 803 et

311 847 495 924 regionem,
531 844 773 918 commiscuille,
808 847 848 909 tle
873 867 939 927 quo
965 845 1164 908 discrimine
1195 844 1351 925 deinceps}

312 945 370 1006 nili
392 946 545 1018 velimus,
579 967 655 1009 vere
678 947 798 1010 diversa
822 949 968 1012 eiusdem
989 948 1084 1010 urbie
1106 947 1245 1009 nomina
1264 942 1351 1007 tutte.

312 1045 408 1108 Aliud
433 1046 520 1109 urbIa
544 1067 666 1110 nomen
691 1047 838 1112 Mariaba
860 1049 881 1113 Γ.
902 1047 1057 1112 Mariaba
1084 1047 1180 1110 suilla
1201 1045 1351 1108 contendit

313 1146 491 1208 Bochartua
507 1151 539 1210 iu
556 1150 675 1235 l'baleg
687 1168 718 1222 9,
731 1153 788 1216 96.
815 1153 885 1233 quia
899 1151 1129 1213 Artemidorus
1144 1162 1179 1212 et
1193 1147 1351 1210 Eratosthe·

314 1269 373 1308 nee
385 1250 468 1330 apud
484 1251 671 1314 Strabonem
696 1255 750 1316 16.
769 1275 799 1336 p.
812 1267 894 1330 598.
912 1251 932 1314 Γ.
945 1254 1028 1328 768.
1046 1266 1083 1313 et
1099 1272 1133 1334 p.
1148 1263 1235 1328 535.
1250 1245 1351 1328 [778.

313 1352 509 1431 metropolin
542 1351 661 1414 faciunt
692 1355 896 1417 Sabaeomm.
957 1354 1085 1416 Plinius
1111 1366 1224 1414 tamen
1248 1352 1280 1421 6.
1302 1361 1351 1428 52.

315 1448 338 1512 Γ.
358 1459 413 1526 98.
433 1452 586 1537 Calingiie
605 1455 727 1518 tribuit.
764 1455 876 1538 Neque
894 1455 936 1517 ob
958 1455 1051 1516 sttum
1072 1452 1241 1515 diversum
1258 1449 1351 1511 infistlt

294 1550 501 1615 ·Bocbartue.
556 1557 636 1619 Saba
666 1569 773 1619 tamen
808 1557 1036 1640 philostorgius
1058 1576 1088 1619 c.
1114 1557 1137 1618 l.
1167 1552 1351 1635 metropolin

315 1652 512 1715 Sabaeorum
543 1657 639 1728 dicit,
679 1659 765 1720 umle
792 1659 869 1719 duae
889 1661 990 1742 regias
1018 1656 1167 1719 habuille
1195 1673 1251 1717 eoa
1274 1663 1351 1735 putat

315 1753 472 1817 Ludollua
495 1758 528 1816 in
550 1773 757 1823 commentar.
780 1760 848 1821 bill.
875 1759 1024 1841 Aethiop.
1048 1777 1170 1829 1,.99,
1198 1770 1231 1836 8.
1254 1775 1285 1836 Ρ.
1301 1753 1351 1829 65.

314 1875 388 1916 eum
406 1856 484 1919 Saba
499 1855 593 1920 luerit
607 1882 705 1942 prope
720 1881 806 1923 mara
821 1862 963 1932 rubrum,
985 1861 1038 1920 illa
1055 1861 1089 1920 in
1109 1855 1351 1921 mediterraneis.

315 1957 480 2020 Salmafiue
496 1961 535 2020 ad
554 1962 653 2024 Solio.
671 1975 729 2041 55.
750 1961 769 2024 Γ.
788 1965 845 2040 56.
864 1984 895 2044 p.
910 1983 955 2025 m.
972 1963 1056 2038 786.
1083 1961 1127 2022 fic
1148 1959 1296 2041 expedit,
1320 1967 1351 2016 ut

315 2061 506 2128 contendat.
533 2061 612 2124 Saba
628 2065 801 2145 antiquitus
822 2064 1018 2146 metropolin
1033 2060 1148 2133 soille,
1181 2063 1215 2121 in
1232 2059 1349 2136 eiusque

313 2161 419 2244 postea
445 2161 551 2223 locum
575 2161 745 2227 luceeffille
767 2163 966 2227 Mariabam.
1017 2164 1114 2226 Idem
1140 2172 1270 2224 narrant
1291 2156 1349 2238 qui·

317 2263 392 2322 rlem
414 2263 454 2324 de
475 2259 620 2349 regibus,
654 2287 793 2348 quorum
814 2269 898 2351 regia
919 2264 979 2326 tuit
1002 2265 1160 2334 Mariaba,
1194 2263 1247 2324 vel
1269 2257 1346 2325 Saba,

316 2363 430 2425 Strabo
452 2366 503 2428 16.
519 2386 551 2448 p.
569 2379 652 2445 535.
671 2367 694 2430 Γ.
710 2382 793 2447 778.
809 2382 841 2430 et
856 2368 991 2430 Diodor.
1009 2367 1072 2429 Sic.
1092 2381 1127 2444 8,
1147 2375 1211 2445 47.
1229 2383 1267 2425 ex
1282 2362 1347 2442 tgr·

315 2464 479 2526 tharchicle
494 2484 521 2529 c.
538 2468 560 2532 l.
613 2466 727 2531 Sabaei
743 2474 878 2532 omuino
895 2467 958 2530 fuit
980 2470 1085 2554 gentio
1113 2487 1255 2536 nomen,
1279 2475 1345 2542 quat

317 2563 521 2628 dividebatur
553 2568 587 2628 in
621 2575 726 2631 varios
751 2572 903 2652 populor,
941 2571 1056 2652 quibua
1085 2569 1135 2630 lui
1159 2580 1251 2632 eraut
1274 2561 1345 2644 pagi·

314 2663 434 2729 Multae
449 2667 543 2728 etiam
560 2668 750 2732 Sabaeorum
768 2669 858 2735 fuille
875 2670 987 2734 inlulaa
1001 2670 1132 2734 discitur·
1147 2691 1187 2732 ex
1203 2665 1303 2730 Plinio
1317 2657 1342 2730 6.

317 2783 376 2848 89.
393 2766 414 2829 Γ.
434 2777 489 2841 98.
531 2769 622 2832 ldem
646 2787 700 2840 12.
718 2787 775 2852 8ο.
793 2773 814 2837 Γ.
838 2781 892 2852 ¹4·
915 2775 1109 2835 Graecorum
1126 2773 1190 2834 lide
1205 2767 1343 2831 adfirmat.

313 2890 436 2934 nomeu
471 2867 558 2930 8969
588 2871 759 2956 significare
795 2873 980 2964 mysterium.
1033 2874 1221 2935 Harduinue
1250 2882 1341 2929 tamen

316 2974 353 3034 ad
372 2995 399 3036 c.
418 2972 439 3033 l.
457 2973 586 3034 coniicit
603 2972 714 3038 lortea
731 2973 833 3054 σέβειν
851 2979 967 3038 dictam
983 2974 1106 3047 urbam,
1129 2976 1204 3056 quia
1221 2971 1254 3032 iu
1268 2965 1342 3029 uultu

315 3075 461 3137 Deorum
486 3075 669 3157 praecipuue
687 3079 764 3140 turia
783 3077 866 3147 ulua.
888 3091 921 3140 et
936 3071 1072 3154 Σάβους
1086 3076 1272 3159 adpellrtoa.
1295 3065 1340 3147 qui

316 3177 389 3238 Deo
411 3176 536 3238 sabato
558 3174 577 3236 Γ.
594 3177 735 3249 Sabazia.
761 3181 782 3241 i.
800 3200 828 3243 a.
844 3178 971 3242 Baccho
992 3179 1112 3240 initiati
1130 3176 1252 3244 forent,
1278 3165 1340 3229 testt

316 3277 567 3358 Harpocratioue
586 3276 604 3340 Γ.
623 3299 655 3342 v.
677 3277 801 3356 Σαβοῖ.
840 3281 912 3341 Vid.
933 3299 1012 3361 quae
1032 3280 1078 3340 ibi
1092 3280 1234 3362 disputat
1250 3269 1338 3333 Maus·

204 3431 208 3440 .
314 3378 417 3450 sacua,
447 3395 480 3440 et
501 3392 590 3440 notat
605 3381 712 3443 Schol.
730 3381 944 3462 Aristophauia
962 3381 1000 3442 ad
1016 3401 1090 3442 avet
1106 3402 1138 3443 v.
1159 3387 1243 3455 874.
1267 3367 1339 3432 undl

315 3480 366 3543 lua
392 3481 493 3541 hausu
515 3481 629 3543 Suidaa
655 3479 677 3546 Γ.
701 3503 733 3544 v.
758 3478 933 3568 Σεβάζιος.
993 3481 1168 3544 Bochartua
1191 3469 1336 3540 tamenin

313 3581 436 3666 Phaleg
455 3597 486 3651 9,
507 3583 565 3644 96.
587 3585 685 3666 magis
701 3583 812 3666 probat
831 3583 981 3663 Hesychii
1000 3585 1243 3666 explicationem
1259 3559 1335 3640 99βᾶ

315 3677 532 3772 αἰχμαλωσία
558 3701 596 3743 ex
620 3685 728 3769 lingua
755 3685 919 3756 Hebraico,
945 3684 1000 3746 etsr
1026 3683 1182 3748 lubfillere
1203 3677 1288 3742 malit
1305 3673 1332 3730 iu

313 3786 445 3850 Arabico
469 3775 565 3850 ttztttl
587 3783 761 3851 eminere.'
793 3786 906 3870 Nuper
930 3798 1037 3847 tamen
1064 3787 1167 3849 Bruee
1192 3763 1332 3868 (naiton)

313 3889 386 3950 Vol.
411 3908 439 3950 1.
464 3911 497 3972 p.
516 3897 602 3964 497.
625 3888 708 3951 conl.
732 3910 764 3970 p.
783 3887 854 3966 516
872 3887 912 3970 tq.
936 3885 1021 3950 satta
1041 3886 1062 3951 Γ.
1086 3885 1172 3951 Azub
1194 3882 1215 3946 Γ.
1235 3869 1330 3944 Λωῦῦ

312 3989 446 4070 explicat
468 3987 621 4059 austrum,
655 3993 727 4071 quia
742 3988 821 4054 Saba
838 3991 891 4051 fita
915 4002 1004 4050 eram
1026 3989 1064 4050 ad
1084 3987 1241 4052 australem
1257 3989 1329 4041 ortffl

312 4089 396 4152 smus
421 4091 559 4159 Arabici,
593 4103 625 4154 et
649 4091 725 4154 inda
748 4091 786 4152 ab
810 4090 918 4152 Arabia
940 4104 972 4152 et
994 4092 1140 4174 Aegypto
1163 4088 1258 4172 prima
1275 4082 1328 4138 erat

313 4203 395 4258 terra
426 4189 535 4259 versut
568 4190 707 4276 auilruru
734 4191 857 4259 Africae
882 4193 1094 4256 contermina.
1157 4185 1252 4278 Quod
1273 4175 1327 4240 itm
