2748 4888
211 421 267 480 ru
296 421 434 481 rotor.
462 424 569 480 tran.
608 423 717 484 Lm.
760 426 837 484 er.
879 421 957 494 po.
1065 433 1104 478 n

60 593 141 658 Mela
154 595 267 678 poliea
281 597 383 680 poteil
394 599 475 661 duna
489 599 572 660 linus
588 595 814 680 interponere?
840 599 902 660 Aut
919 598 1018 682 igitur
1032 615 1102 678 per·

58 699 138 758 tinet
160 699 227 760 hoc
249 711 375 761 tanturn
397 701 435 761 ad
457 701 714 782 promontorium
737 699 865 760 Sacrum
880 714 914 761 et
929 699 1099 778 Magnum,

51 814 84 859 et
102 798 144 859 lic
159 819 223 860 neo
238 816 336 872 recte,
357 819 415 864 nee
431 802 602 864 commode
620 801 725 864 omisit
739 800 893 868 medium.
912 801 996 882 quod
1013 799 1098 881 apud

49 899 284 962 Ptolemaeum
304 903 347 965 est
362 901 556 974 Barbarum,
583 917 637 964 aut
650 903 728 966 aliua
742 921 815 964 eum
828 902 969 962 Vadiano
987 913 1096 962 tenen·
1130 937 1136 948 ·

49 1002 115 1063 due
131 1001 175 1063 etl
191 1004 285 1073 ordo,
312 1005 352 1066 lie
367 1019 402 1065 ut
419 1005 549 1066 sacrum
564 1005 611 1066 illi
628 1005 664 1066 fit
682 1003 824 1073 Contrua,
847 1001 1027 1064 Barbarum
1044 1003 1098 1064 Sa·

47 1121 163 1172 erum,
188 1119 223 1164 et
240 1105 420 1186 Magnum.
445 1119 480 1166 nt
502 1121 576 1169 ante
596 1106 719 1169 dictum
735 1105 796 1175 eil,
822 1105 967 1187 quarnrir
983 1102 1099 1166 diesen·

48 1205 211 1266 tientilrne
240 1205 419 1277 Marciano.
445 1208 631 1270 Ptolemaeo
653 1243 706 1256 —
751 1207 837 1268 Tum
860 1225 936 1268 rero
964 1207 1096 1267 Sacrum

49 1304 87 1366 h.
105 1305 152 1366 est
171 1305 262 1368 Cabo
282 1308 321 1368 de
336 1299 495 1400 Efpiclrel,
547 1310 590 1372 Et
609 1309 648 1370 lte
663 1309 747 1372 Plin.
763 1317 798 1388 4.
816 1323 872 1388 35.
892 1306 912 1371 l.
932 1323 990 1370 uu.
1013 1303 1095 1370 tone

49 1407 155 1468 Sacro
176 1405 305 1470 subiicit
323 1411 478 1479 Carreum.
501 1425 533 1472 et
549 1410 632 1494 apud
655 1409 804 1472 Nollrum
824 1405 863 1472 ri
885 1411 1032 1488 proximo
1053 1407 1093 1469 ad

49 1507 207 1570 Cuneum
230 1515 388 1593 pertinet,
423 1513 507 1574 unde
528 1512 593 1574 huc
617 1509 704 1574 sensu
728 1511 810 1573 finus
842 1512 908 1572 dno
931 1511 1093 1592 incipiant,

49 1612 100 1668 nti
124 1612 225 1672 etiam
254 1613 281 1676 l.
303 1612 489 1675 Gronovius
512 1615 580 1676 MS.
603 1634 631 1676 t.
655 1615 832 1692 proximum
855 1614 987 1694 explieat
1011 1613 1094 1672 inter

47 1710 204 1773 Cuneum
226 1727 260 1774 et
282 1715 422 1776 Sacrum.
475 1715 649 1777 lielendiue
681 1715 812 1796 quidem
845 1717 877 1774 in
902 1715 1095 1794 antiquitrtt.

50 1813 193 1874 Lulitan.
214 1814 272 1876 lib.
282 1827 318 1894 4.
331 1837 362 1899 p.
378 1835 422 1876 m.
439 1829 518 1894 135.
543 1817 801 1898 promontorium
819 1817 950 1876 Snemm
969 1814 1094 1874 dnobus

49 1916 204 1978 wrnibue
225 1917 261 1977 in
283 1918 384 1979 altum
402 1918 478 1980 dicit
495 1921 597 1988 exire,
628 1919 713 1999 quod
733 1933 766 1980 et
787 1917 910 1978 tabulae
925 1915 1092 1984 declarant,

47 2017 132 2078 inter
146 2037 231 2100 quae
252 2018 289 2078 tit
312 2018 393 2080 [ioue
408 2021 572 2091 modicus,
600 2021 695 2103 inque
715 2019 831 2082 stnillro
850 2037 950 2080 cornu
967 2017 998 2080 h.
1018 2015 1094 2079 urbe

50 2117 169 2191 Sacris,
191 2139 360 2201 unumque
378 2121 494 2182 Melam
511 2123 605 2184 huiua
623 2135 737 2184 tractna
754 2119 942 2182 meminille.
980 2116 1094 2200 Neque

49 2231 155 2280 tamen
179 2222 234 2282 vel
262 2221 302 2282 fic
327 2220 396 2284 satie
422 2223 533 2286 Noller
561 2225 755 2293 vindicatur,
788 2225 861 2304 quia
885 2223 978 2282 dicit:
1021 2219 1092 2280 lata

42 2311 118 2411 sede
136 2343 329 2400 prontrrens
342 2315 381 2413 se
397 2345 435 2384 ae
447 2319 512 2416 Jua
529 2327 632 2386 latera
643 2315 810 2416 suffigat,
837 2343 910 2384 cum
928 2321 1090 2382 tamenin

50 2423 144 2484 latere
170 2444 210 2484 ex
236 2426 360 2508 vulgari
392 2427 652 2508 interpretatione
677 2427 713 2486 srt
741 2425 881 2495 Cuneus,
913 2441 1092 2503 procurrere

49 2541 155 2587 autem
171 2525 213 2586 ad
228 2539 337 2587 toturn
353 2547 462 2612 agrum
479 2541 510 2591 et
529 2531 691 2614 integrum
714 2529 873 2612 pertinere
894 2511 1019 2587 ¹debent.

123 2727 351 2810 Sacrum)
402 2731 448 2794 Ab
473 2731 618 2794 Herculia
648 2732 787 2813 templo,
821 2728 906 2810 qnod
933 2728 974 2788 ibi
1002 2721 1091 2786 futile

49 2828 202 2910 Ephorus
224 2831 394 2892 tradiderat
417 2831 472 2894 lec.
492 2834 638 2896 Strabon.
657 2847 690 2908 3.
707 2855 737 2914 p.
756 2845 813 2912 95.
833 2830 853 2890 l.
878 2839 956 2908 138.
982 2845 1090 2909 quam·

51 2934 98 2992 rie
117 2945 261 3014 negante
277 2935 489 2996 Artemidoro.
541 2937 671 2999 Sacrum
690 2947 794 2996 tamen
818 2934 924 2994 locum
943 2930 1090 2990 habitum

49 3032 124 3102 elie,
150 3033 269 3095 Strabo
290 3033 355 3117 iple
370 3037 522 3100 adfirmat.
571 3038 685 3106 Porro,
717 3051 754 3097 ut
778 3035 862 3096 idern
885 3029 995 3102 refert,
1021 3029 1089 3112 qni·

51 3133 120 3194 darn
146 3135 229 3196 olim
251 3123 471 3206 crediderunt.
507 3137 603 3200 lolem
626 3138 669 3198 ibi
691 3139 728 3197 ad
754 3137 873 3198 Oceani
895 3137 971 3195 litua
991 3134 1088 3213 longe

51 3239 203 3298 maiorem
221 3249 341 3298 etcum
357 3237 483 3300 ilritlore
499 3237 652 3310 occidere,
671 3240 788 3321 dequo
803 3235 841 3300 ef.
860 3238 955 3298 etiam
970 3231 1089 3297 Aulon.

52 3335 184 3420 inepill.
205 3338 244 3398 ad
261 3339 395 3401 Paullin.
419 3359 474 3420 ¹9·
488 3343 532 3402 in.
561 3341 673 3404 Florus
690 3353 721 3421 3,
744 3355 796 3416 ¹7·
817 3357 872 3404 tu.

122 3541 329 3623 Myrtili)
361 3543 409 3604 De
427 3541 573 3626 scriptura
589 3545 684 3606 lanius
699 3559 728 3606 et
746 3543 942 3626 sequentium
956 3539 1087 3606 urbium

52 3638 90 3704 el'.
106 3657 177 3704 not.
194 3645 262 3704 orit.
284 3665 316 3724 p.
335 3659 379 3706 20
395 3644 456 3726 sqq.
490 3646 576 3706 Iulio
592 3648 734 3728 Myrtilis
751 3649 783 3706 in
801 3647 985 3706 Ptolemaeo
1004 3659 1036 3712 α,
1052 3657 1087 3722 5.

51 3743 254 3806 Terminetio
269 3765 385 3828 nempe
401 3749 433 3806 itt
455 3749 482 3808 is
497 3748 557 3808 eti
577 3749 609 3808 in
628 3747 802 3830 Hispanicis
817 3745 947 3806 urbibus
964 3767 1029 3806 non
1045 3747 1088 3808 est

49 3843 206 3908 inolitate.
258 3847 310 3908 sic
335 3848 476 3912 Fronlio.
496 3865 529 3928 Ω,
555 3863 588 3928 5,
618 3871 645 3911 ι.
669 3849 714 3912 ad
739 3849 890 3928 oppidum
918 3845 1087 3912 Irttibt'lt'm.

49 3946 119 4008 vie.
136 3949 184 4008 ibi
204 3947 457 4030 Oudendorpiue
475 3967 517 4019 et.
539 3971 635 4033 quem
655 3950 770 4020 laudat.
798 3953 942 4015 Gronov.
960 3953 997 4012 arl
1017 3954 1087 4018 Liv.

51 4063 110 4118 αι,
125 4051 186 4114 fio.
212 4049 504 4134 Cognomenlult'u
520 4053 664 4115 coloniae
680 4053 833 4116 indicium
850 4053 902 4116 eil.
930 4057 1087 4120 Antonin.

48 4149 82 4213 iu
96 4151 170 4215 itin.
195 4171 269 4237 pag.
288 4159 373 4236 451.
395 4153 511 4216 aPace
531 4153 618 4216 Iulia
634 4169 782 4220 removet
801 4157 847 4238 36
866 4155 902 4220 P.
926 4158 1088 4240 aliquanto
