2696 4896
140 429 502 493 11110111111111.
542 431 653 490 nm.
696 431 802 494 civ.
844 433 923 504 οι.
946 449 976 492 2.
1035 449 1094 516 ιο,

65 629 137 676 num
154 623 280 670 nexum
296 626 360 669 una
377 625 457 670 voce
477 597 646 696 asperioris
669 605 835 678 indicavit,
861 620 897 668 ut
914 607 990 670 alibi
1005 606 1094 676 solet.

66 715 105 777 De
123 707 194 793 ipio
217 729 365 772 connexu
387 709 495 790 plurea
517 722 549 770 et
571 729 608 770 ex
634 708 797 770 veteribus
821 711 1031 793 Hippocrates
1054 712 1096 774 de

62 815 173 880 aeribus
184 847 239 860 —
254 813 288 873 in
304 813 426 894 primic.
442 823 596 892 quatenoc
607 812 764 873 Sarmatae
775 808 952 892 spectantur
966 832 993 874 c.
1011 832 1067 878 ro.

122 961 325 1045 urbibus)
374 963 551 1042 Tamquam
577 981 654 1043 quac
680 964 846 1043 potuerint
874 979 951 1025 tunc
978 963 1095 1028 habere

54 1069 231 1134 sarmatae.
258 1065 332 1126 licet
353 1065 570 1146 ignoraverint
589 1063 804 1126 Germaniam.
844 1059 1007 1128 Nimirum
1025 1067 1095 1128 Sar·

51 1187 154 1232 metae
179 1167 265 1248 apud
280 1166 411 1246 Scythae
428 1184 494 1227 non
516 1165 681 1235 viderant,
713 1179 767 1228 aut
787 1181 943 1228 noverant
965 1169 1096 1252 oppida,
1200 1239 1202 1247 Ι

52 1273 107 1332 vel
128 1269 227 1330 urbes
244 1267 377 1329 Graecae
401 1269 433 1328 in
455 1267 585 1346 Scythia
608 1267 754 1328 conditae
775 1269 813 1329 acl
835 1269 979 1331 Pontum
996 1271 1095 1332 Eroti·

53 1394 132 1434 num
150 1386 184 1433 et
201 1368 378 1432 Maeotida.
406 1388 431 1431 t.
449 1387 643 1430 oaonorrve
659 1368 734 1432 MS.
786 1370 882 1453 Quod
901 1373 921 1431 st
937 1371 994 1440 eil,
1021 1387 1096 1437 ame

54 1475 252 1537 Graecorum
275 1472 308 1531 in
333 1471 384 1532 illa
407 1469 472 1530 loca
491 1471 665 1532 adrentum
688 1468 882 1552 urbiumque
907 1473 1094 1534 aedificatio·

53 1597 129 1638 nem
154 1577 400 1656 emigraverant.
453 1573 550 1632 Addit
570 1569 699 1642 Noster,
732 1586 766 1632 ut
786 1587 913 1658 augeat.
940 1595 978 1634 ιιι
988 1573 1097 1666 stertis

54 1677 178 1762 quidem
195 1666 342 1766 fidibus.
369 1674 431 1734 hoc
448 1672 491 1734 eil
508 1693 546 1733 ex
562 1673 821 1754 interpretatione
839 1674 865 1736 l.
881 1675 1039 1736 Gronovii
1062 1677 1096 1736 in

53 1781 140 1840 notia
158 1777 302 1855 MSStie‚
330 1775 466 1836 debilem
484 1775 618 1836 domum
632 1793 698 1836 non
715 1775 850 1840 habent.
877 1777 975 1856 qualia
993 1773 1097 1860 potest

53 1883 149 1943 etiam
169 1879 231 1939 elle
247 1879 280 1938 in
297 1879 376 1938 vicia
392 1890 422 1936 et
445 1877 549 1960 pagie;
577 1873 627 1938 led
647 1896 687 1936 ne
701 1875 782 1936 hanc
797 1877 927 1957 quidem
947 1878 1008 1940 illic
1025 1877 1097 1949 elle.

53 1983 161 2044 innuit
181 1992 300 2040 auctor.
357 1980 393 2039 ln
409 1979 492 2039 filvic
509 1977 602 2062 egille
624 1991 655 2040 ct
675 1977 783 2040 erralle
803 1979 936 2040 declarat
954 1979 1098 2044 tvtenur

53 2106 85 2148 r.
103 2093 193 2161 353.
212 2081 344 2161 longus
359 2093 478 2141 exercet
497 2079 647 2141 Sarmata
654 2076 771 2170 saluus.
816 2080 854 2141 ln
871 2079 972 2142 calicia
989 2095 1098 2146 autem

53 2183 239 2248 bellicosam
270 2183 357 2244 illam
387 2195 517 2266 gentem
550 2181 725 2243 conlectam
750 2178 858 2251 luille.
899 2183 1005 2265 paullo
1029 2181 1098 2266 poll

54 2287 174 2350 Noster
201 2283 329 2345 indicat.
382 2283 544 2365 Tempore
564 2302 641 2344 vero
666 2285 762 2343 etiam
786 2285 886 2365 pacis.
920 2283 941 2345 o
966 2285 1097 2367 quando

53 2387 136 2458 luit,
163 2399 297 2471 vagatos
318 2384 394 2454 elle,
419 2405 458 2445 ex
476 2384 580 2446 verbis
597 2381 750 2454 efficitur,
783 2397 819 2445 ut
843 2387 1020 2448 invitavere
1039 2383 1097 2466 pal

53 2489 141 2555 bula.
187 2488 270 2550 Nam
291 2485 449 2571 sequentia
470 2484 543 2549 belli
560 2501 703 2569 tempora
718 2483 868 2570 spectant.
905 2484 957 2552 Cl.
973 2489 1098 2574 Hippo·

51 2609 150 2656 crater
172 2611 202 2654 c.
227 2590 250 2653 l.

237 2742 266 2819 ς.
296 2755 331 2804 c.
381 2759 466 2800 cum
498 2735 634 2820 uiris)
688 2740 715 2801 1.
741 2731 887 2802 elimat
913 2761 985 2804 curn
1009 2743 1097 2816 virle,

55 2863 156 2927 reque
172 2842 295 2911 acciri.
314 2841 369 2904 tir.
384 2831 463 2928 ἅμα,
480 2853 517 2900 ut
533 2837 642 2921 Nepos
658 2841 691 2902 in
706 2841 842 2904 Chabria
860 2857 892 2922 5.
911 2863 942 2908 ι.
971 2841 1098 2927 Nempe

56 2944 334 3012 coniunctionem.
360 2940 626 3003 conlociationern
646 2940 733 3026 laepe
749 2964 784 3005 ea
805 2945 954 3026 particula
970 2945 1098 3018 indicet.

56 3063 91 3110 ut
105 3047 194 3132 apud
213 3046 284 3106 Liv.
306 3053 363 3125 38.
382 3053 441 3123 48.
458 3040 480 3106 l.
504 3043 660 3122 negaretis
679 3045 739 3106 lroc
756 3045 835 3106 milri
855 3067 924 3108 curn
942 3045 1021 3109 Diis
1042 3050 1099 3108 im·

58 3143 265 3217 mortalibus,
293 3148 314 3209 i.
330 3166 359 3208 e.
376 3143 456 3206 mibi
477 3163 574 3225 aeque
596 3163 631 3205 ac
646 3145 727 3208 Diie.
763 3149 813 3207 De
829 3167 863 3209 re
883 3147 921 3209 lic
942 3149 1097 3212 llerodot.

57 3255 92 3333 4,
114 3250 199 3314 116.
225 3249 265 3310 de
287 3247 518 3309 Amazonibus:
556 3237 627 3332 ἅμα
650 3244 719 3322 τοῖς
750 3241 897 3336 ἀνδράσιν
920 3239 970 3312 ἐπὶ
996 3245 1098 3338 θήρην

57 3343 108 3416 ἐπὶ
132 3347 241 3414 ἳππων
264 3343 454 3430 ἐκφοιτῶοι.
506 3348 598 3408 Plato
624 3348 663 3408 rle
687 3350 809 3434 legibue
828 3351 884 3413 lib.
904 3365 936 3426 7.
960 3371 993 3432 p.
1012 3363 1097 3430 355.

57 3453 195 3536 Bipont.
221 3443 312 3522 olda.
346 3443 397 3513 ὅτι
421 3443 571 3538 μυριάδες
597 3444 815 3538 ἀναρίθμητοι
841 3451 1005 3536 γυναικῶν
1027 3450 1098 3525 εἰσι.

56 3555 125 3618 τῶν
146 3547 220 3642 περὶ
243 3549 300 3616 τον
328 3547 473 3620 Πόντον.
503 3545 542 3626 ἃς
564 3547 820 3640 Σοορομοτίδος
844 3551 1020 3624 καλοῦσιν.
1048 3547 1099 3631 ult

58 3649 129 3740 οὐχ
143 3651 253 3720 ἵππων
269 3651 377 3742 μόνον,
401 3648 493 3714 ἂλλοῖ
510 3643 564 3714 καὶ
581 3641 688 3719 τόξων
708 3645 762 3716 recl
778 3653 844 3717 τῶν
860 3646 970 3718 ἄλλων
986 3647 1098 3722 delur

57 3753 209 3821 κοινωνία
227 3747 280 3818 uui
299 3753 365 3830 τοῖς
385 3749 532 3840 ἀνδράσιν
548 3747 599 3839 ier,
618 3753 886 3844 προστεταγμένη
904 3749 976 3848 iocur
992 3755 1098 3822 douai·

56 3881 125 3923 ror.
170 3857 220 3920 Cf.
245 3857 351 3920 Schol.
379 3855 496 3918 Villoil.
520 3857 557 3916 arl
583 3857 717 3918 Homer.
736 3857 774 3919 ll.
796 3869 848 3934 ¹8·
866 3868 937 3935 5¹5
977 3859 1100 3943 Hippo·

57 3977 161 4024 crater
177 3981 205 4025 c.
229 3961 249 4020 1.
275 3952 445 4048 μάχονται
470 3955 538 4030 τοῖς
562 3953 739 4042 πολεμίοις.
789 3957 882 4018 Plura
909 3961 1038 4022 aliarum
1063 3965 1097 4024 in

55 4065 126 4126 aliie
152 4061 282 4146 populi·
301 4059 493 4123 feminarum
517 4059 661 4145 exempla
681 4061 769 4124 dabit
789 4059 941 4126 nocheri.
965 4067 1007 4129 de
1023 4065 1098 4150 Gog

55 4179 86 4230 et
109 4164 244 4250 Magog.
