2724 4904
138 401 189 460 ru
215 400 360 460 rotor.
389 349 495 458 rtet.
536 397 572 457 t.
593 397 646 451 111.
688 391 722 452 tt
744 391 821 454 vm.
863 389 889 461 t·
912 401 942 459 5·
1006 369 1078 464 err·

46 597 80 642 eu
95 577 215 636 Levant
238 575 282 638 T.
305 589 341 653 3.
365 576 460 636 lettre
478 583 531 649 ¹8·
554 593 587 656 p.
608 589 652 632 m.
681 578 759 647 ²¹4·
783 567 855 645 (ed.
881 575 985 638 1727.
1010 564 1066 640 8.)

44 678 132 742 loutee
145 675 203 740 elle
219 674 376 760 adfirmet
386 676 480 747 duos,
496 693 639 760 quorum
652 690 738 732 urrue
755 671 794 731 ab
808 668 890 728 urbe
905 659 1066 726 hodierna

42 783 183 855 Artumm
197 773 267 838 diei
282 775 404 850 unius,
429 779 510 840 alter
525 775 594 838 lere
612 775 755 836 duorum
772 765 902 831 dierum
918 761 981 827 iter
995 784 1066 825 ver-

42 881 81 949 ius
93 875 248 940 orientem
266 877 375 950 distet,
401 874 437 940 in
452 874 622 940 montibus
644 871 722 935 nive
739 868 845 943 tectio,
872 868 938 940 led,
965 885 1065 950 quam

41 985 133 1064 Alpes,
166 979 433 1064 depressioribus.
490 975 585 1042 Prior
614 976 688 1039 fons
710 971 785 1036 fluit
809 967 998 1036 oboriente
1022 965 1066 1028 ed

41 1079 214 1152 meridiem,
242 1097 277 1143 et
292 1077 494 1166 praeteriens
509 1079 640 1142 dorsum
655 1073 839 1147 montium,
865 1073 906 1134 ad
921 1087 1065 1156 quorum

41 1181 148 1247 radices
168 1180 258 1245 iacet
280 1191 464 1254 Artwum,
495 1177 602 1248 tendit
621 1175 797 1241 meridiem
811 1173 921 1237 versus
939 1170 979 1232 ad
997 1165 1063 1232 exi-

41 1305 124 1368 guum
146 1282 285 1359 ticum,
322 1305 422 1370 quem
446 1298 544 1346 vocet
568 1283 831 1345 Mommecotum.
888 1267 1062 1342 Posterior,

40 1383 223 1469 aliquamdiu
251 1391 334 1452 cum
367 1383 466 1470 petiit
496 1379 780 1468 septemtrionem,
817 1373 903 1440 subit
926 1386 1064 1457 pontem

42 1487 142 1575 fidae,
173 1489 268 1554 unde
298 1487 472 1554 conversus
502 1487 542 1548 ad
568 1483 718 1550 occasum
743 1478 835 1548 iuxta
858 1474 964 1546 viam,
997 1491 1063 1557 qua

10 1673 11 1676 Ἴ
43 1585 94 1648 itur
111 1587 265 1652 roceum
281 1591 418 1660 urbem,
445 1603 478 1650 et
491 1608 549 1672 per
567 1601 718 1649 naturam
734 1585 893 1666 situmque
912 1580 1064 1638 locorum

10 1713 12 1780 j
42 1685 148 1772 cogitur
167 1708 286 1783 petere
307 1687 483 1758 meridiem
498 1687 607 1752 versus
623 1687 887 1753 Mommacotum,
909 1673 969 1740 ubi
986 1693 1063 1739 con-

10 1823 11 1884 j
41 1786 168 1873 iungitur
184 1791 296 1876 priori
317 1790 419 1858 trium
440 1789 570 1852 dierum
584 1787 648 1853 iter
664 1789 703 1853 ab
722 1788 864 1850 hrtzero.
916 1781 1064 1860 Uterque

11 1899 12 1946 ἰ
43 1907 153 1958 rotetur
169 1897 264 1970 frat,
284 1895 375 1981 quod
389 1913 523 1966 nomen,
538 1888 595 1953 ubi
612 1884 783 1960 conduxit,
800 1881 928 1947 retinet.
953 1879 1063 1942 Arthe-

10 2019 12 2065 ς
41 2013 99 2055 rum
112 2009 239 2072 eutem,
264 1994 319 2058 uti
337 1995 428 2080 supra
448 1991 536 2066 dixi,
565 1992 607 2054 ed
628 1982 900 2070 Theodosiopolis
917 1976 1062 2064 antiqua,

11 2138 12 2172 ἶ
44 2097 84 2154 rel
97 2097 182 2156 houd
196 2099 301 2182 louge
320 2099 360 2160 ab
378 2117 414 2165 ee
431 2093 495 2158 fuit
516 2091 634 2160 dissita.
687 2088 759 2152 Vid.
776 2083 978 2150 'tournetort
994 2102 1021 2146 o.
1040 2079 1062 2142 l.

10 2191 12 2252 ἶ
43 2215 99 2278 pig.
118 2213 194 2275 125.
240 2199 459 2286 Aliquatettus
478 2195 581 2281 igitur
599 2208 687 2256 recte
701 2186 883 2273 Procopius
902 2176 1065 2246 indicavit

46 2294 161 2372 lentem,
187 2303 255 2376 etsi,
286 2304 366 2364 dum
389 2295 488 2365 nimis
504 2295 632 2360 vicinos
646 2295 751 2358 fecere
766 2289 899 2354 videtur
915 2277 1066 2367 Tigridis

11 2482 12 2508 1
45 2395 128 2472 fonti,
160 2423 262 2493 quern
286 2402 491 2488 aliquantum
514 2413 663 2462 removet
685 2396 812 2468 Strabo,
839 2386 928 2478 (vid.
946 2377 1063 2467 supra)

47 2499 143 2564 erroris
162 2503 356 2588 coarguitur
372 2527 389 2566 u
403 2497 639 2572 Tournefortio
656 2520 688 2582 p.
705 2519 748 2564 m.
770 2502 848 2572 red.
896 2483 986 2572 Quid
1009 2477 1065 2548 alii

10 2659 11 2672 ,
48 2601 186 2676 referant,
216 2603 256 2668 in
281 2604 399 2692 quibus
422 2599 676 2677 Tavernierius,
710 2601 862 2666 Otterue,
888 2585 979 2652 debit
999 2585 1064 2648 Bii-

51 2699 193 2788 lchingius
210 2711 284 2776 h'ol.
302 2722 335 2786 5.
351 2711 387 2770 Ρ.
409 2727 442 2774 r,
458 2729 489 2792 p.
504 2728 548 2766 m.
572 2719 649 2779 177.
673 2701 762 2762 unde
786 2695 937 2780 adparet,
964 2683 1000 2749 in
1022 2705 1062 2746 eo

10 2847 11 2850 ,
49 2805 228 2882 torderrtire,
266 2831 306 2872 ex
328 2806 461 2870 diversis
485 2803 632 2867 fontibus
655 2802 857 2885 Euphratem
879 2788 983 2862 nelei,
1009 2788 1063 2846 vel

10 2949 11 2964 2
51 2905 224 2974 exdittersre
256 2908 383 2982 fluidis,
419 2929 560 2994 quorum
588 2925 674 2966 unus
698 2899 839 2973 Mitrad,
873 2915 913 2957 ex
934 2890 1063 2954 duobus

51 3001 174 3074 lontibus
199 3029 313 3086 ortus,
347 3028 379 3074 et
401 3013 567 3094 Euphrate
597 3001 731 3090 proprie
757 3003 798 3063 sic
824 2994 934 3066 dicto,
966 3006 1064 3074 atque

52 3109 159 3174 curlum
174 3110 341 3178 diversum
356 3117 394 3175 ab
412 3109 601 3174 auctoribus
617 3118 839 3175 memoratum
851 3094 971 3160 melius
985 3087 1066 3152 hinc

50 3202 170 3298 intelligi
187 3233 222 3281 et
239 3213 396 3308 explicari
414 3213 511 3299 polle.

107 3408 185 3507 s⁶⁶
197 3441 220 3482 a
236 3421 276 3505 l)
324 3416 396 3482 Vid·
419 3417 460 3480 ad
480 3419 511 3487 I,
527 3441 562 3494 ι,
581 3433 614 3494 9.
637 3414 783 3476 Gronov.¹
823 3401 879 3470 Sic
899 3390 1067 3463 Mamerti-

54 3532 104 3576 ¹¹¹¹⁸
122 3517 155 3582 in
176 3518 384 3608 genethllflffl
401 3517 537 3582 Maxim·
559 3537 629 3601 cap.
652 3511 747 3582 16.,t.
772 3505 858 3575 Ptin.
877 3501 964 3590 epist.
983 3511 1017 3576 5,
1033 3496 1074 3568 6,.

59 3631 102 3679 tt.
120 3620 185 3689 elii.

118 3824 153 3887 lo
172 3826 352 3923 stagna)
402 3823 561 3910 ignorant
580 3819 618 3883 id
638 3817 704 3880 lere
728 3807 785 3876 olii
804 3807 915 3870 versus
931 3803 1068 3870 fontem,

39 3973 40 3976 ,
59 3937 109 3984 nec
125 3929 321 3992 recentiores
337 3923 501 3991 eiusmodi
517 3919 644 4008 aliquid
660 3915 821 3982 adferunt
858 3910 931 3992 Qua
947 3903 1071 3966 lenium

59 4014 133 4088 idem
152 4031 218 4094 lere
238 4029 391 4096 Arrianus
415 4029 456 4090 de
477 4026 592 4109 exped.
610 4023 699 4086 Alex.
718 4029 755 4096 5,
769 4028 801 4094 5.
818 4027 898 4073 extr.
921 4007 962 4085 εἰς
982 4026 1074 4100 reopa-

60 4118 133 4220 l‘ldt)
149 4130 368 4224 ἀναχεόμενος
385 4125 600 4216 ἀφανίζεται,
627 4120 682 4185 led
702 4112 860 4206 posterius
875 4113 1015 4176 verbum
1032 4105 1072 4167 ad
