2696 4896
141 438 200 496 ΙΝ
227 435 362 496 ΡΟΜΡ.
392 435 500 493 ΜΗ..
540 436 648 494 Lttt.
690 435 781 501 GV.
822 436 953 508 §.nm
1014 449 1073 496 tn

50 609 141 677 16.s.
170 629 233 675 or.
255 631 289 692 p.
312 629 358 673 ru.
381 608 461 690 146.
492 607 569 668 dunt
601 611 730 692 reponit
754 607 891 702 adverfi.
931 613 966 676 Si
988 613 1077 676 enim

48 713 221 778 semessum
239 712 374 774 habeant
390 711 493 779 diem,
521 707 616 772 solem
633 713 672 775 iia
687 711 747 774 esse
763 713 879 776 debere
899 713 1076 786 adversum.

47 837 112 881 cum
136 810 270 877 aversus
299 825 427 876 noctem
449 808 572 873 inserat.
639 813 713 875 Pott
732 828 839 877 autem
861 818 954 877 tacite
975 834 1079 898 repre·

41 917 156 978 ltenrlit
192 915 329 984 Melam,
367 915 423 994 qui
451 913 485 972 itl
517 922 642 993 tempor
674 914 785 976 slatuat
809 915 849 977 ab
874 917 1079 998 aequinoctio
1107 925 1109 932 '

40 1037 143 1080 remo
170 1017 210 1078 acl
234 1028 459 1082 auctumnum‚
487 1032 559 1074 cum
581 1014 703 1078 Pliniue
725 1017 814 1078 malit
833 1017 871 1078 ab
890 1017 1019 1080 solllitio
1039 1017 1079 1080 ad

40 1119 214 1190 brumam
241 1116 337 1179 soleru
352 1117 449 1200 igitur
466 1115 504 1176 iis
521 1112 607 1176 soille
624 1129 709 1178 totoa
725 1119 746 1181 6
761 1117 881 1181 menses
902 1117 1079 1190 adversum.

39 1221 246 1300 totidemque
273 1214 428 1278 aversum.
492 1215 573 1278 Eius
605 1229 714 1278 tamen
742 1220 986 1300 explicationem
1019 1237 1080 1282 nec

39 1321 159 1402 probat
185 1321 223 1382 ad
246 1318 365 1382 Metam
389 1309 529 1386 Vossius.
564 1337 623 1380 nec
643 1319 849 1382 lludbecltius
871 1323 903 1382 in
923 1321 1081 1384 Atlantica

39 1423 75 1483 P.
99 1444 130 1484 ι.
154 1442 184 1484 c.
200 1439 235 1500 9.
254 1425 284 1499 §.
300 1436 334 1482 Ω.
360 1419 410 1480 cui
425 1417 480 1478 lux
497 1417 647 1482 semestrit
663 1421 706 1483 esl
720 1421 937 1506 crepusculum
953 1424 975 1486 6
992 1441 1081 1484 mett·

40 1524 140 1590 lium.
180 1542 254 1583 cum
283 1521 319 1581 stt
346 1535 392 1596 72
416 1519 530 1602 gratius
555 1521 748 1593 latitudinie‚
782 1540 816 1585 et
842 1523 967 1586 Pliniue
996 1537 1083 1586 recte

41 1624 156 1686 dixisse
196 1625 335 1686 videtur.
400 1620 530 1685 Potiora
569 1623 666 1684 etiem
707 1625 796 1686 dabit
825 1625 1009 1688 Harduinut
1043 1621 1084 1686 ao

41 1727 130 1789 Ptin.
155 1745 183 1786 c.
209 1725 232 1788 s.

121 1924 296 2008 iadcrtt)
345 1927 396 1988 Dc
422 1923 481 1986 fito
504 1925 650 1989 locorum
670 1945 738 1989 ttott
762 1923 881 2001 solum,
913 1927 1022 1992 sedet
1044 1927 1086 1990 tle

44 2029 219 2116 gentibus,
244 2041 280 2088 ut
298 2027 359 2090 hic.
399 2025 451 2088 Sic
467 2025 577 2110 Nepos
597 2035 651 2106 14,
668 2037 703 2108 4.
718 2030 764 2092 in.
797 2042 851 2109 13,
871 2045 905 2103 Ω,
925 2049 957 2096 t.

122 2231 278 2314 verno)
327 2233 376 2295 Sc.
394 2229 502 2292 mense
517 2229 645 2292 Martio.
681 2231 743 2296 Sed
759 2233 813 2314 qui
830 2253 869 2296 etr
884 2233 996 2296 nolitia
1013 2233 1087 2295 ulti·

46 2355 142 2396 tuum
163 2332 421 2414 septemtrionem
439 2333 642 2416 navigarunt,
668 2334 772 2414 quoad
792 2335 901 2406 licuit,
927 2335 1087 2405 testantur,

47 2435 78 2495 se
99 2433 233 2496 amisisse
259 2434 355 2496 solem
377 2433 479 2516 pridie
501 2451 601 2494 nonaa
617 2431 828 2507 Novembris,
862 2455 921 2498 nec
940 2433 1087 2520 recepisse

49 2536 107 2598 uili
124 2534 237 2598 mense
253 2535 433 2598 Februario.
466 2554 490 2596 1.
511 2553 702 2599 cttouovtvt
720 2537 793 2598 MS.
815 2557 844 2599 ι.

222 2740 252 2816 ς.
279 2753 310 2799 tt.
362 2733 562 2829 augusta)
613 2734 691 2798 Non
711 2755 824 2823 magna
840 2751 873 2800 et
887 2739 1009 2821 ampla,
1037 2737 1089 2801 sed

52 2838 155 2901 sancta
178 2852 213 2900 et
236 2837 423 2901 venerabilia
444 2851 572 2919 propter
594 2833 763 2918 sequentia.
825 2838 968 2922 Nempe,
1002 2839 1090 2920 qood

54 2943 154 3002 ovid.
183 2940 299 3002 Faslor.
324 2960 352 3008 t,
377 2940 460 3017 609.
489 2939 590 2999 canit:
639 2937 761 3000 Sancto
792 2954 912 3002 vocant
947 2939 1090 3032 Augrfia

53 3045 182 3110 Patres,
211 3039 345 3132 augusta
358 3051 514 3101 vocantur
530 3037 658 3116 templa.
684 3039 887 3102 Sacerdottrm
907 3042 965 3102 rite
979 3041 1092 3101 dicata

56 3165 165 3206 manre.
190 3145 231 3202 Et
244 3144 282 3203 lic
290 3145 353 3202 Dio
364 3135 483 3202 Cassrus
495 3153 550 3216 53.
566 3141 619 3204 16.
637 3135 745 3230 ιρᾰντα
762 3137 806 3203 τοὶ
822 3135 1018 3228 ἐντιμότατα
1036 3133 1091 3202 καὶ

54 3247 95 3307 τὰ
114 3239 281 3329 ἱερώταται
300 3235 470 3327 αὕγουστα
489 3233 778 3328 προσαγορεύεται.
812 3243 944 3306 Sueton.
961 3241 994 3304 in
1010 3243 1091 3325 Aug.

58 3365 123 3428 cap.
143 3361 178 3420 7.
203 3345 335 3427 explicat
361 3343 432 3404 loca
460 3333 621 3432 religiosa,
657 3343 711 3404 esst
737 3343 829 3414 haec,
867 3357 900 3406 et
924 3344 958 3403 in
983 3343 1093 3426 primia

58 3445 215 3514 subiecta,
243 3447 352 3506 avirit
373 3444 474 3506 doctis
495 3459 578 3505 recte
593 3441 758 3505 censentur
771 3463 809 3505 ex
824 3427 917 3528 glosa
935 3441 1091 3524 irrepstss'e.

57 3549 151 3610 Plura
164 3548 287 3608 dabunt
303 3549 342 3606 da
358 3545 467 3614 verbo,
484 3564 563 3625 quoe
576 3544 680 3605 laudat
697 3543 856 3609 Fabricius
872 3545 909 3606 ad
928 3546 1024 3606 Dion.
1035 3544 1093 3606 c.l.

58 3651 213 3712 Ceterum
232 3648 317 3709 hunc
334 3645 436 3708 Melae
450 3647 556 3707 locum
571 3642 636 3708 sere
650 3647 755 3708 reddit
768 3647 933 3710 Boccatiue
949 3647 988 3708 tle
1004 3647 1095 3706 mari·

6 3761 10 3768 “
57 3751 118 3816 bue
135 3749 156 3814 s.
173 3770 207 3812 v.
225 3749 449 3832 Hyperboreua
465 3747 623 3810 Oceanus.

133 3948 346 4032 aprica)
407 3950 472 4012 Aut
503 3950 568 4012 loci
594 3949 716 4032 privata
746 3947 903 4030 positione
933 3961 1096 4021 naturave,

60 4053 336 4139 quemadmodum
355 4050 393 4113 C.
409 4049 517 4112 Caesar
535 4044 597 4137 [de
611 4050 648 4112 B.
665 4049 704 4113 G.
720 4059 755 4127 5,
773 4065 829 4114 ra.
846 4043 947 4137 extu]
974 4050 1098 4112 Britan·

60 4160 133 4220 niae
157 4155 227 4218 loca
244 4153 466 4238 temperatiora
488 4150 547 4215 elsa
563 4151 618 4226 ait,
643 4171 739 4233 quatu
756 4153 791 4214 iu
809 4151 919 4226 Gallie,
947 4147 1098 4218 remissio·
