2650 4896
296 413 361 480 266
564 413 725 476 Rom
762 413 1064 473 executum

296 589 398 654 ribot.
432 589 480 651 tu
495 589 584 653 euim
596 589 718 652 Antan.
734 599 766 666 5,
781 599 816 666 5.
831 588 920 660 (licit,
940 591 1084 652 Taurum
1098 587 1177 648 eima
1188 585 1307 649 Bactria·

294 709 357 754 πω
377 708 451 752 cum
465 709 505 752 eo
523 691 685 754 committi
707 705 741 752 et
759 691 793 751 in
807 689 896 754 Alex,
912 691 961 754 Μ.
974 691 1135 752 honorem
1150 687 1308 751 Caucason

295 789 385 854 inille
406 791 617 873 ntpettatum,
643 807 677 854 et
693 804 766 854 ante
781 810 848 873 rap.
867 805 901 870 3.
917 791 940 854 i.
963 791 1081 852 Indum
1096 791 1175 852 oriri
1188 791 1260 851 dicit
1278 790 1309 850 iu

294 889 513 974 Parapamiso,
544 889 598 954 [eu
613 891 740 956 canem
754 893 876 955 montio
896 893 1034 955 citeriori
1050 905 1141 974 parte
1161 893 1184 954 i.
1203 911 1230 952 e.
1248 909 1308 952 ver·

295 991 347 1058 lut
367 991 625 1075 septemtrionem
646 994 894 1065 occidentalem,
923 995 972 1054 uti
985 1014 1023 1055 ex
1039 995 1158 1054 itinere
1171 993 1254 1053 Alex.
1265 989 1307 1053 Μ.

293 1093 495 1178 intelligitur.
529 1093 641 1157 Strabo
660 1104 716 1172 15.
731 1113 803 1178 pag.
820 1104 906 1176 474.
923 1092 1039 1173 [689.
1060 1091 1194 1155 dumah
1210 1093 1308 1169 Ariana

294 1195 334 1258 etl
343 1197 448 1260 Eoum
463 1213 549 1258 mare
559 1195 713 1278 procedit,
726 1197 869 1278 primum
884 1197 977 1278 ponit
985 1185 1236 1284 Paropamisum,
1249 1207 1308 1254 tum

294 1295 465 1368 Emodon,
491 1295 628 1379 denique
644 1297 781 1358 Immtm.
806 1293 858 1358 Cl.
882 1317 937 1360 tt.
954 1317 985 1379 p.
999 1309 1082 1375 352.
1098 1294 1122 1358 ῐ.
1137 1306 1220 1372 511.
1242 1295 1308 1377 lgr·

293 1397 430 1462 themer.
453 1409 486 1468 u,
508 1415 544 1478 9.
569 1393 722 1486 μέγιστον
747 1387 820 1484 ὅρος
843 1408 953 1468 vocat,
980 1409 1017 1458 ut
1037 1399 1200 1465 Taurum,
1231 1395 1308 1456 cuiue

293 1511 401 1562 tamen
417 1497 470 1560 ille
485 1517 554 1579 part
567 1499 621 1562 ell.
671 1498 751 1562 lude
768 1516 845 1560 vero
861 1498 1005 1580 adparet,
1027 1517 1104 1559 cnm
1122 1497 1243 1578 Gangre
1255 1513 1308 1556 ma·

292 1599 344 1688 pit
357 1600 396 1661 ad
412 1599 569 1662 orientem
591 1599 683 1668 lluat,
705 1599 805 1660 lndoa
818 1599 895 1660 inde
909 1600 948 1660 atl
970 1597 1244 1681 septemtrionem,
1265 1614 1308 1676 pa·

293 1721 368 1764 rum
390 1713 493 1762 certor
512 1699 572 1764 elle
587 1715 620 1762 et
642 1698 696 1760 fibi
718 1699 855 1762 conitere
877 1713 1016 1771 veteres,
1042 1700 1118 1781 qui,
1148 1698 1224 1759 dunt
1244 1696 1307 1760 haec

237 1817 244 1836 ⁸
291 1801 349 1886 lpli
365 1799 540 1872 declarant,
565 1800 690 1862 Indiam
706 1799 744 1862 rb
762 1801 897 1863 Emodit
910 1799 1073 1862 montibue
1089 1799 1257 1868 inchoant,
1277 1807 1309 1856 ut

291 1903 377 1968 l’lln.
395 1903 428 1974 6,
454 1900 554 1966 nul.
580 1915 634 1978 27,
677 1902 726 1964 De
747 1901 807 1963 litu
830 1901 987 1965 hodierno
1007 1901 1086 1985 poll.
1133 1899 1256 1962 Boccat.
1273 1896 1307 1958 de

292 2002 458 2068 montibu·
482 1999 504 2066 i.
526 2023 559 2066 v.
585 2003 732 2065 Emodua
759 2001 846 2064 hunc
877 2003 1017 2066 eundem
1045 2001 1149 2065 credit
1173 2019 1244 2062 cum
1266 1999 1308 2071 iit,

292 2123 373 2188 quot
393 2103 552 2166 Emeritos
572 2117 699 2166 vocant.

370 2302 623 2388 conceptus)
673 2303 726 2372 Sic
739 2304 841 2368 editus
857 2319 890 2386 3,
908 2316 941 2383 5,
959 2308 993 2370 6.
1008 2317 1041 2366 et
1054 2301 1181 2376 similia,
1203 2303 1235 2364 ln
1249 2297 1306 2382 qui·

292 2405 354 2469 but
377 2405 475 2468 variat
493 2405 615 2470 Noller.
649 2407 701 2470 Sic
722 2407 851 2471 Gurtloe
873 2409 907 2478 6,
931 2417 965 2487 4,
989 2418 1022 2484 5.
1043 2405 1108 2467 ulio
1124 2397 1224 2494 fonte
1247 2419 1306 2461 ron·

292 2519 402 2590 ceptus
424 2505 536 2570 editur.
588 2508 669 2570 lllud
689 2509 785 2572 etiam
809 2509 977 2582 Lucumo,
993 2517 1077 2590 405.
1092 2499 1245 2598 fontibus
1262 2501 1304 2559 lu'o

292 2607 518 2690 (Apenninus)
536 2605 638 2702 vastis
652 2601 814 2700 immensos
830 2609 967 2690 concipit
979 2629 1095 2678 amnes,
1118 2606 1176 2667 ubi
1191 2601 1305 2666 Outlen=

293 2709 384 2790 dorp.
400 2707 502 2771 Melte
516 2707 601 2772 hunc
614 2709 722 2772 locum
736 2707 847 2783 adfert,
868 2725 902 2773 et
922 2709 967 2774 lb,
985 2721 1019 2792 3,
1036 2721 1120 2788 257,
1144 2725 1222 2792 quot
1235 2719 1308 2765 nunt

292 2803 425 2902 diuersis
438 2799 592 2900 fontibus
612 2807 680 2872 eutr
700 2807 812 2903 Persts.

367 3008 520 3092 Indus)
562 3011 616 3076 Gr.
633 3012 727 3074 etiarn
741 3003 851 3088 Ἴνδος.
895 3011 987 3074 idem
1009 3011 1110 3074 dictur
1131 3010 1227 3070 etiam
1248 3001 1306 3064 tlln·

293 3103 357 3176 triv
379 3109 436 3174 lec.
458 3111 579 3176 Chron.
603 3111 746 3174 Palchale
768 3133 799 3195 p.
819 3131 874 3192 29.
898 3114 1015 3190 (Ven.)
1055 3111 1172 3174 Sindus
1191 3118 1303 3169 auctore

292 3211 398 3276 Plinio
416 3213 448 3283 6,
465 3225 523 3293 23.
539 3211 559 3276 l'.
578 3227 635 3277 uo.
661 3215 713 3276 vel
733 3212 855 3275 Sondus
873 3227 945 3274 ante
961 3213 1176 3302 lietduinum,
1201 3207 1251 3289 qui
1271 3220 1304 3263 ex

291 3327 419 3376 turture
440 3314 551 3395 peripli
570 3316 663 3376 maris
677 3314 843 3392 Erythraei
860 3335 891 3396 p.
910 3328 966 3376 ut.
987 3329 1044 3390 23.
1058 3308 1200 3392 (llutll.)
1220 3303 1304 3368 conii·

293 3417 336 3476 cit
353 3414 495 3477 stertunt.
530 3415 623 3476 Forte
639 3415 702 3476 huc
714 3415 853 3497 pertinet
867 3414 980 3478 ollium
996 3415 1069 3475 ludi
1084 3413 1167 3496 apud
1180 3408 1302 3471 Ptolem.

295 3529 328 3592 7,
349 3533 379 3578 t.
396 3517 441 3577 ln.
463 3507 482 3576 l*
503 3509 651 3578 καλεῖται
673 3511 822 3586 Σίνθων,
855 3535 893 3577 ex
912 3535 975 3596 quo
992 3515 1138 3576 Sintluun
1158 3529 1215 3594 pro
1233 3504 1302 3568 Iulo

293 3613 394 3679 lecille
411 3614 575 3677 Attianum
591 3635 618 3680 c.
635 3617 657 3678 l.
677 3628 766 3698 potat
780 3616 966 3678 Dodwellue
981 3617 1021 3682 tle
1034 3628 1133 3676 aetate
1146 3626 1179 3674 et
1191 3621 1301 3671 auctore

292 3715 405 3800 peripli
420 3715 513 3778 maria
529 3715 693 3795 Erythraei
712 3719 741 3796 §.
762 3729 816 3796 15.
833 3733 971 3802 peg.99.
990 3715 1128 3795 (Hndl.)
1153 3713 1222 3794 quia
1243 3704 1302 3768 toti·

294 3817 368 3878 rletn
386 3815 465 3888 eiut,
481 3831 560 3898 quot
575 3817 659 3889 lodi,
677 3817 878 3880 Ptolemaeus
893 3815 983 3878 faciut
997 3804 1081 3878 ollio.
1097 3879 1101 3888 ,
1118 3815 1204 3876 Olim
1218 3809 1300 3870 etiam

293 3927 450 4000 praeterea
472 3917 597 3980 dietum
617 3908 802 4010 Mausolum
822 3919 917 3980 tradit
933 3917 1120 3979 Plutarchus
1139 3913 1254 3998 [purim
1269 3906 1300 3966 dt

293 4015 482 4080 llumiolbua
495 4015 516 4082 l.
529 4039 561 4083 r.
573 4019 686 4082 Intlus.
713 4019 737 4080 F
739 4031 830 4082 ontet
842 4021 875 4080 in
885 4015 1084 4100 Paropamilo
1093 4016 1186 4077 habet
1196 4007 1300 4073 noter.

295 4113 408 4182 strabo
432 4131 487 4198 15,
508 4139 541 4203 p.
551 4129 636 4205 474.
653 4117 675 4185 l,
694 4119 778 4208 690.
802 4133 839 4182 ut
854 4123 1002 4184 omnium
1020 4120 1164 4189 aliorum,
1185 4116 1217 4176 io
1231 4104 1301 4192 iugi·
