2650 4896
137 409 189 468 ru
216 409 351 468 roras.
380 407 486 466 unt.
528 407 637 464 nm.
680 405 814 467 uvrn.
853 407 932 477 t..
997 413 1059 483 ιω

26 585 132 656 Mare,
162 583 249 667 quod
267 596 369 644 totam
383 581 486 642 Aliam
501 601 519 641 a
536 575 677 642 meridie
692 575 807 652 adluit,
834 581 875 643 llc
891 578 1060 647 veteribus

29 683 92 749 diei
115 681 289 746 contendit
308 683 474 744 Relandus
488 703 516 744 c.
538 684 559 743 l.
583 683 679 744 Tom.
701 705 728 744 ι.
749 701 824 766 pag.
842 685 888 759 65
906 683 971 767 sqq.
998 681 1057 746 ubi

30 784 165 849 omnino
188 787 283 868 plura
308 781 461 867 reperies.
512 780 568 846 Sic
591 781 739 844 larilfime
760 781 877 846 suidas
892 784 912 846 s.
932 807 963 846 v.
982 781 1059 848 Ῥω·

29 885 128 978 μαίων
151 882 260 974 ἁρχὴ,
294 905 393 970 quam
417 885 458 946 ad
484 881 646 946 orientem
670 881 791 946 limites
814 881 958 946 habuisse
980 883 1062 949 dicit

29 990 142 1060 ludos,
169 1008 259 1048 mare
279 988 433 1057 rubrum,
459 984 593 1056 Nilum,
617 987 832 1048 catarrhactas
853 1001 886 1047 et
906 988 1060 1068 paludem

28 1087 210 1160 Maeotida,
236 1088 326 1172 quod
342 1073 478 1173 quidem
498 1089 587 1148 valet
604 1087 645 1148 de
662 1084 830 1171 posteriori
848 1101 963 1150 aetate.
1012 1091 1061 1150 lta

28 1191 214 1256 Herodotus
235 1199 272 1266 4,
297 1205 342 1264 37
359 1189 423 1273 sqq.
452 1187 552 1250 modo
579 1185 677 1250 latius
703 1189 743 1249 de
770 1186 897 1248 australi
925 1208 1060 1262 oceano,

29 1293 88 1376 (cs.
106 1289 221 1374 supra)
248 1291 348 1350 modo
365 1287 466 1352 artius
491 1289 532 1350 de
553 1304 694 1373 utroque
710 1287 781 1350 eius
804 1291 873 1350 sinu
895 1286 1061 1376 intelligit.

30 1394 79 1457 Cs.
104 1393 147 1454 de
168 1388 259 1452 varia
285 1388 537 1474 significatione,
568 1409 650 1474 quos
671 1406 832 1452 memorat
853 1387 996 1453 Bechins
1021 1391 1064 1454 ad

31 1489 251 1576 Aristophanis
290 1513 366 1553 aves
399 1514 430 1553 v.
464 1501 542 1569 145.
603 1492 746 1575 Adparet
775 1513 815 1553 ex
848 1489 918 1564 his,
965 1513 1064 1577 quam

30 1617 108 1678 vaga
131 1593 213 1656 olim
234 1590 334 1654 suerit
360 1591 609 1676 inconstansque
633 1590 723 1654 rubri
750 1589 848 1654 maris
875 1591 1063 1676 adpellatio,

31 1717 111 1781 quae
125 1697 167 1756 ab
184 1694 358 1756 idumaeae
374 1689 471 1755 litore
487 1714 545 1776 per
563 1695 666 1754 smum
683 1689 872 1754 universum
887 1692 1064 1757 Arabicum

31 1818 96 1858 non
119 1797 243 1865 solnm,
280 1793 335 1856 sed
358 1810 390 1856 et
412 1815 470 1877 per
492 1795 662 1857 Oceanum
682 1793 876 1866 Australem,
915 1792 973 1879 qni
991 1797 1064 1858 Ara-

32 1897 118 1962 biam
147 1912 180 1958 et
206 1894 335 1957 Indiam
360 1894 483 1967 adluit,
515 1897 674 1979 producta
703 1894 755 1958 est.
804 1893 890 1958 Alias
917 1915 956 1956 ex
977 1915 1065 1958 nexu

32 1995 172 2081 intelligi
208 1997 324 2067 debet,
365 2017 448 2081 qnae
481 1994 572 2059 rubri
607 1993 707 2058 maris
740 2017 814 2080 pars
851 1993 1066 2080 intelligatur,

33 2105 119 2185 qnod
143 2101 228 2160 bene
250 2095 365 2160 docuit
385 2097 510 2158 Ludolf
527 2095 563 2158 in
582 2114 795 2160 commentar.
820 2098 860 2158 ad
882 2095 992 2160 histor.
1008 2102 1067 2161 Ae·

33 2200 135 2284 tbiop.
157 2223 188 2275 1,
206 2197 263 2270 26,
283 2199 358 2283 stq.
393 2198 505 2260 Noster
521 2197 591 2260 eius
606 2196 769 2284 principia
785 2196 878 2262 ducit
894 2199 934 2261 ab
951 2195 1066 2263 Indico

34 2305 167 2387 pelago,
194 2299 243 2364 uti
267 2299 400 2383 adparet
416 2320 455 2360 ex
476 2319 546 2382 cap.
564 2316 595 2376 7.
619 2317 652 2361 et
673 2301 713 2361 ad
728 2297 935 2382 Aethiopiam
958 2297 1084 2362 temti-⁸

34 2419 104 2474 nat,
143 2404 200 2464 etsi
224 2399 340 2464 Indico
368 2398 449 2462 mari
476 2397 560 2460 illud
583 2388 693 2462 latiori
719 2401 811 2464 sensu
836 2395 1069 2483 complectitur
1188 2399 1196 2418 ‘

40 2529 68 2577 ι,
88 2501 185 2568 ain.
235 2501 364 2574 Hodie,
396 2507 485 2586 quod
508 2501 607 2563 refert
629 2504 710 2564 luan
734 2499 770 2563 in
792 2505 927 2586 Aligem.
950 2499 1069 2564 Reisen

35 2608 102 2671 Vol.
125 2629 154 2666 r.
173 2623 246 2687 pag.
270 2605 353 2666 aas.
375 2600 465 2664 rubri
488 2599 587 2665 maris
610 2621 733 2664 nomen
754 2599 906 2686 ignorant
927 2606 1069 2676 accolae,

38 2704 92 2791 qui
113 2703 215 2768 unice
237 2719 358 2768 vocant
379 2725 464 2766 mare
482 2705 629 2775 Maurae,
664 2704 753 2790 quod
776 2704 929 2787 quorsum
950 2707 1069 2776 valeat,

37 2807 112 2871 inde
136 2803 283 2868 discitur.
340 2807 390 2866 De
414 2801 498 2866 mari
518 2806 618 2866 rubro
640 2819 767 2888 praeter
788 2821 936 2868 auctores
957 2806 1071 2889 passim

37 2923 309 2972 commemoratos
331 2903 402 2967 vid.
424 2903 584 2968 d'hnville
607 2903 643 2968 in
665 2901 844 2967 Memoires
868 2905 908 2966 de
929 2907 1072 2968 l’acade·

36 3007 102 3072 mie
119 3039 170 3052 —
189 3008 231 3068 de
245 3005 336 3070 Paris
351 3009 448 3068 Tom.
467 3019 523 3083 35.
541 3028 572 3090 p.
591 3018 658 3087 59¹
679 3007 744 3091 sqq.
767 3021 800 3067 et
821 3003 962 3068 vincent
983 3025 1072 3068 com·

37 3126 172 3172 mentae.
191 3105 226 3170 in
241 3105 368 3170 Arriani
385 3104 560 3191 periplum,
588 3107 676 3170 unde
697 3123 848 3192 excerpta
863 3108 1017 3192 leguntur
1035 3104 1073 3168 in

38 3213 127 3276 zach
139 3208 342 3274 Monadiehe
361 3208 628 3294 Correspondenz
646 3209 686 3272 T.
705 3223 739 3286 3.

102 3405 136 3507 s
134 3417 147 3477 i
153 3435 200 3477 oa
222 3411 349 3498 quia)
396 3409 511 3474 Variae
532 3412 652 3475 erllant
664 3427 836 3476 auctorum
851 3411 892 3473 de
908 3409 1000 3474 cansa
1015 3429 1072 3473 no-

38 3513 138 3580 minis
167 3512 362 3584 sententiae,
399 3535 536 3599 quarum
562 3512 699 3599 quidem
723 3513 828 3577 noller
857 3513 935 3574 duas
958 3512 1072 3574 adsert.

40 3621 123 3682 Sunt
138 3633 248 3678 autem
270 3612 408 3677 omnino
430 3617 510 3678 haer
552 3614 751 3702 1)acolore
773 3635 948 3701 aquarum,
975 3633 1076 3698 quem

39 3723 91 3781 vel
115 3715 254 3780 omnino
277 3731 481 3788 memorant,
517 3719 571 3779 vel
595 3717 723 3780 ducunt
748 3731 845 3778 anta
870 3712 944 3777 solis
967 3734 1074 3796 reper-

40 3821 128 3882 cussu
142 3835 175 3880 et
189 3817 355 3880 radiorum
374 3817 547 3880 rubrorum
563 3815 599 3880 in
614 3839 703 3880 mare
719 3815 819 3890 iactu,
844 3833 901 3879 aut
916 3835 934 3878 a
948 3813 1076 3878 vicino·

40 3943 113 3984 rum
128 3917 296 3982 montium
319 3916 573 3982 inluminatione
594 3920 691 3980 rubra
709 3933 743 3980 et
755 3916 846 3980 rubri
862 3913 1076 3980 coloris-essu·

42 4025 138 4084 lione.
172 4017 245 4083 Vid.
255 4016 508 4104 Agatharchides
525 4021 565 4082 de
580 4017 663 4081 mari
679 4019 780 4082 rubro
794 4041 825 4103 p.
843 4038 873 4080 o.
890 4017 1080 4096 (Hudson.)

41 4145 79 4188 ex
100 4141 141 4187 eo
165 4123 281 4188 Strabo
304 4123 358 4186 16.
382 4141 454 4207 pag.
472 4133 555 4202 535.
575 4121 597 4185 s.
614 4136 698 4203 779.
737 4116 874 4186 Curtius
895 4129 930 4196 8,
958 4137 992 4206 9,
1021 4129 1076 4200 ¹4·
