2746 4894
219 422 438 483 mourut.
467 423 573 480 uer..
615 423 723 480 um.
767 423 859 480 ex.
901 420 981 492 6..
1071 430 1139 499 405
1209 369 1214 382 ¹

165 596 414 679 Aethiopes)
466 596 596 679 Nempe
617 595 777 680 Hesperii.
803 615 885 678 quoe
909 596 948 656 hc
967 595 1133 680 distinguit

78 697 131 761 ab
168 700 381 782 Aethiopibus
426 696 481 761 fob
524 701 674 783 Aegypto
715 697 870 780 superiori
912 699 1012 779 capite
1042 701 1070 776 §.
1097 713 1132 775 7.

77 801 256 864 Hactenus
273 805 370 886 igitur
392 801 439 862 illi
461 801 638 882 pertinent,
670 813 706 860 ut
726 800 772 860 ihi
790 802 918 862 illorum
939 801 1027 884 regio
1044 799 1131 861 finia-

76 915 155 966 tur.
188 905 303 965 Strabo
326 918 380 979 17.
397 922 429 985 p.
446 901 657 982 569.l.897.
674 891 753 990 irrep
771 898 987 988 Μαυρουσίοις
1003 921 1042 963 err
1057 921 1129 982 pro·

77 1001 247 1088 grell'tone
267 1004 317 1067 166
331 1007 435 1087 ponit,
459 1017 495 1065 ut
511 1003 712 1088 Agathemet.
735 1024 764 1074 t,
786 1019 818 1066 o.
847 994 929 1092 ὑπὲρ
955 994 1127 1088 Μαύρους.

77 1107 191 1168 Ρ6616
208 1107 276 1189 poll
290 1107 402 1170 Strabo
419 1129 451 1188 p.
467 1107 550 1184 569.
570 1103 590 1168 l.
610 1118 693 1183 363.
712 1107 792 1166 61116
806 1103 1003 1182 Maffaelyloe
1022 1105 1128 1189 Nigri·

78 1221 135 1270 tae
149 1213 242 1290 ponit
258 1223 291 1270 et
306 1207 473 1273 Pharufioe
487 1208 770 1289 illirAethiopihua
788 1209 922 1276 vicinos,
948 1207 1035 1288 quod
1053 1225 1128 1268 cum

41 1353 52 1366 .
78 1308 176 1372 Mela
197 1311 230 1370 in
248 1311 310 1371 hoc
331 1311 431 1392 capite
454 1322 486 1370 et
507 1329 536 1379 1,
552 1319 586 1390 4,
606 1323 638 1389 5.
657 1309 739 1372 bene
756 1311 915 1394 congruit.
955 1308 1045 1368 Hanc
1067 1309 1126 1390 igi·

80 1425 142 1472 tur
159 1413 364 1494 Aethiopiam
380 1431 512 1492 eamque
527 1410 622 1474 lolam
641 1411 821 1472 Atlantiam
836 1411 952 1472 dictam
969 1409 1125 1471 existimat

79 1513 252 1576 Salmaiiue
274 1517 308 1573 in
330 1514 430 1576 Solin.
450 1535 482 1596 p.
501 1533 545 1575 m.
564 1524 647 1588 377.
675 1531 740 1574 nou
761 1513 848 1594 quod
869 1523 1024 1574 memorat
1038 1509 1123 1572 Plin.

81 1615 121 1685 6,
140 1625 199 1692 35.
216 1613 236 1677 1.
257 1629 315 1694 50.
333 1618 379 1678 in.
403 1616 539 1677 omnino
558 1615 773 1698 Aethiopiam,
798 1633 896 1697 quem
911 1613 972 1675 hoe
989 1613 1123 1674 nomine

17 1740 19 1746 ·
77 1717 225 1802 graviter
241 1716 371 1780 accusat.
405 1715 456 1781 ct
471 1717 511 1778 ad
528 1729 559 1798 5,
579 1735 612 1798 9,
630 1729 664 1796 3.

158 1919 289 1982 media
297 1916 316 2000 )
364 1923 415 1984 De
431 1921 509 1985 locir
523 1919 561 1983 ab
579 1939 631 1983 616
650 1921 783 1985 16616116
796 1934 829 1984 et
849 1917 1055 1982 interioribus
1073 1915 1122 1979 in·

78 2021 188 2106 telligi
207 2041 274 2084 non
298 2023 416 2104 potest.
443 2025 532 2104 quia,
559 2035 597 2084 ut
617 2021 707 2086 series
724 2023 828 2096 docet,
856 2024 958 2084 inore
974 2019 1120 2103 procedit

76 2125 213 2206 eiueque
233 2124 351 2186 incolas
368 2137 617 2194 commemorat,
644 2125 761 2187 deinde
776 2126 849 2206 quia
870 2122 983 2186 exustis
1003 2119 1118 2182 insulae

74 2225 237 2308 adpositae
251 2223 310 2286 elle
327 2227 471 2308 proxime
496 2226 630 2288 subiicit.
682 2227 784 2310 Igitur
801 2225 873 2288 lunt
885 2245 921 2287 ea
936 2225 1015 2294 loca.
1034 2240 1116 2305 quae

74 2327 269 2389 interiacent
284 2327 457 2411 Aethiopas
473 2344 505 2390 et
518 2329 773 2412 Himantopodas
793 2343 826 2390 et
843 2325 1017 2388 Pharufiot.
1061 2319 1114 2386 Cf.

73 2427 160 2490 infra
181 2431 211 2507 §.
233 2441 266 2506 3.
297 2447 361 2509 quo
383 2432 521 2513 pertinet
543 2430 707 2512 explicatio
727 2429 875 2492 vocabuli
899 2424 1012 2490 media.
1064 2425 1114 2486 Ita

72 2529 163 2595 Plin.
183 2546 215 2600 6,
232 2531 289 2605 68.
309 2529 329 2593 1.
346 2531 405 2596 66.
432 2532 489 2592 ubi
505 2533 545 2593 tle
564 2533 658 2594 aonia
672 2533 824 2613 loquitur,
848 2531 1018 2610 utrobique
1035 2526 1115 2588 dicit

73 2632 138 2695 elle
159 2645 344 2714 perpetuam
365 2633 542 2717 caliginem.
577 2634 656 2695 lude
674 2633 812 2696 luhiieit:
839 2631 953 2696 Media
965 2649 1039 2691 vero
1053 2641 1114 2689 ter·

71 2755 198 2806 rarum,
224 2755 305 2817 quae
322 2733 401 2796 Solis
419 2733 523 2796 orbito
545 2733 605 2828 est,
631 2735 741 2830 exusta
749 2731 895 2824 flammis
910 2746 941 2796 et
962 2743 1112 2801 cremata.

75 2837 221 2896 eominus
235 2855 356 2912 uapore
371 2849 515 2898 torretur.
557 2835 706 2900 Martiae.
724 2837 850 2918 Capella
867 2838 900 2900 6.
919 2851 951 2918 p'.
967 2833 1047 2912 196.
1070 2833 1111 2894 do

1 3014 2 3019 η
73 2938 209 2998 eodem:
238 2935 350 2998 Media
361 2932 510 3025 flammis
531 2951 627 3019 utque
648 2936 814 2999 ardoribus
837 2935 1012 2999 1611111616.
1065 2933 1110 2993 Et

71 3037 227 3107 1166611,
249 3039 495 3108 661116δὶ6111
517 3041 670 3118 (zonam)
693 3037 797 3132 aestus
823 3029 970 3130 infestat.
1022 3033 1109 3094 Hine

71 3159 154 3202 vero
176 3141 302 3222 adparet
325 3140 438 3212 66161,
472 3143 637 3222 quomodo
662 3159 728 3202 vox
752 3137 862 3233 exista
891 3131 1029 3219 intelligi
1056 3135 1110 3195 de·

71 3239 163 3312 beat,
189 3261 268 3322 quae
286 3243 438 3313 deterre,
465 3243 545 3327 agris
560 3243 600 3302 hc
617 3244 762 3304 occurrit.
799 3241 872 3304 Vid.
890 3241 977 3322 Virg.
990 3235 1108 3320 Georg.

78 3361 110 3413 r.
133 3357 212 3418 ¹⁰7·
249 3343 421 3422 Tibullo,
443 3365 471 3414 1,
499 3345 578 3420 164.
612 3359 644 3406 et
666 3345 705 3405 rie
727 3345 791 3406 hoe
811 3339 877 3426 ipio
902 3353 1017 3418 tractu,
1050 3335 1107 3400 etsr

10 3473 14 3478 ·*
69 3441 154 3506 inira
171 3444 342 3527 Aethiopes
361 3443 446 3508 [eene
461 3466 496 3507 ao
511 3444 624 3508 Noller
638 3445 746 3528 ponit,
771 3443 892 3508 Sallust.
908 3444 977 3526 lug.
999 3456 1053 3518 19,
1072 3435 1105 3502 6.

70 3545 144 3607 der'rr
176 3545 248 3609 loca
276 3545 386 3640 cerasta
410 3538 492 3637 solis
522 3545 700 3619 ardoribus,
735 3545 794 3608 ubi
826 3544 935 3606 11611116
961 3541 1104 3604 Cortiur.

68 3645 197 3730 Nempe
215 3650 353 3731 pertinet
369 3649 407 3709 ad
427 3667 543 3712 zonam
565 3650 727 3721 torridam,
752 3667 845 3730 quam
866 3643 1106 3706 inhabitabilem

69 3748 131 3811 elle
146 3762 269 3812 veterae
285 3749 526 3821 arbitrabantur,
545 3747 619 3813 16116
633 3733 775 3832 quidem,
797 3751 916 3829 dequo
932 3748 969 3807 ad
985 3766 1012 3814 1,
1029 3765 1057 3815 1,
1071 3759 1105 3805 tt.

68 3851 281 3935 vegetamen
308 3851 410 3914 noster
431 3871 590 3934 exponere
612 3854 756 3923 videtur,
788 3853 898 3912 iteum
918 3847 1105 3910 Ptolemaeo

44 4000 47 4011 ,
70 3961 105 4036 4,
123 3953 157 4015 6.
177 3950 331 4014 conferas.
369 3951 514 4035 Namque
535 3953 588 4016 hic
606 3952 793 4037 Hesperium
812 3969 910 4015 cornu
936 3963 979 4028 13
1003 3949 1104 4034 gradi·

67 4053 128 4116 bue
148 4051 236 4138 supra
258 4054 340 4118 hanc
363 4074 478 4119 zonam
501 4055 660 4129 conlocat,
689 4069 723 4120 et
743 4055 790 4118 ibi
815 4055 913 4119 etiam
931 4050 1106 4138 Aethiopat
