2696 4896
287 421 347 512 ²9⁶
553 421 715 484 tuom
751 423 1055 482 axuouutcau

290 597 455 664 Strabonie
477 613 577 662 aetate
598 598 685 676 (uid.
703 619 731 661 c.
747 599 790 674 l.)
813 599 914 684 reguli
939 599 1069 681 quidam
1096 597 1318 662 Britannorum

289 700 501 788 legationibus
515 715 546 762 et
563 697 675 760 ussrciie
695 702 826 784 gratiam
845 701 976 784 Augnsli
992 702 1116 784 adepti,
1143 701 1267 762 donaria
1285 703 1315 762 in

291 803 452 886 Capitolio
474 802 677 870 dedicarunt,
710 817 743 864 et
764 800 898 862 insulam
919 801 1016 884 ipsam
1038 802 1203 866 notiorem
1224 803 1317 862 reddi·

292 907 418 968 derunt.
470 902 640 986 Vectigalia
656 915 781 964 tantum
797 903 978 986 pendebant
995 905 1151 966 mercium
1168 907 1315 984 utrimque

292 1027 333 1070 ea
353 1005 451 1068 Gallia
472 1019 505 1064 et
527 1001 692 1064 Britannia
720 1018 951 1086 exportatarum
973 1019 1006 1068 et
1026 1007 1241 1071 invectarum,
1265 1023 1315 1064 nee

291 1107 372 1170 tanti
394 1107 547 1189 putabant
568 1106 723 1176 Romani,
755 1119 791 1166 ut
813 1105 1038 1189 praesidiorum
1055 1105 1178 1166 sumtus
1199 1103 1313 1168 serrant.

292 1208 424 1287 (Strabo
441 1226 468 1268 c.
484 1207 506 1270 l.
529 1218 563 1268 et
581 1207 637 1268 lib.
656 1221 689 1270 a.
705 1225 776 1291 pag.
793 1223 851 1288 79.
871 1205 893 1271 s.
914 1213 1017 1285 ¹¹5·)
1067 1207 1141 1268 Poll
1165 1207 1315 1288 Augntlne,

292 1325 416 1395 patrem
430 1309 656 1378 aemulaturue,
679 1309 918 1389 expeditionem
929 1309 1146 1370 Britannicam
1162 1309 1314 1389 aliquotiea

291 1423 470 1494 paraverat,
502 1407 553 1470 sed
575 1428 648 1470 curu
668 1410 809 1490 primum
828 1431 855 1472 a.
872 1429 904 1470 u.
922 1425 1007 1490 719.
1028 1409 1060 1470 io
1078 1409 1212 1470 Galliam
1228 1427 1314 1488 neque

292 1510 469 1598 progressui
490 1509 582 1580 esset,
609 1511 849 1572 Pannoniorum
864 1524 897 1572 et
916 1512 1133 1572 Dalmatarum
1157 1509 1313 1570 rebellione

294 1615 419 1684 audita,
443 1611 606 1674 consilium
620 1615 768 1675 mutarit.
793 1613 877 1688 (Dio
892 1620 954 1691 49,
972 1615 1053 1690 33.)
1084 1612 1176 1674 ldem
1192 1609 1315 1672 tentarit

294 1734 322 1777 a.
346 1735 376 1776 u.
396 1729 479 1791 727.
511 1731 614 1794 neque
647 1727 754 1775 tamen
788 1727 919 1795 propter
942 1714 1107 1775 Gallorum
1135 1727 1260 1780 mutua,
1288 1723 1315 1771 et

294 1817 380 1898 qnod
394 1813 538 1876 Britanni
558 1815 677 1898 legator
694 1815 733 1874 de
749 1834 823 1896 pace
839 1817 974 1896 petenda
992 1813 1159 1884 misissent,
1186 1810 1312 1894 persecit.

292 1917 357 1997 (id.
376 1927 434 1995 53,
453 1917 532 1993 aa.)
585 1916 676 1977 tlnno
698 1918 862 1997 proximo,
888 1935 961 1976 curn
978 1921 1017 1976 de
1032 1919 1117 1997 pacie
1139 1911 1313 1977 conditioni·

293 2018 354 2079 bue
370 2036 437 2079 non
457 2014 668 2086 convenisset,
696 2017 813 2078 bellum
833 2017 993 2089 inslruxit,
1021 2016 1087 2087 sed,
1114 2019 1255 2078 rete'ntne
1272 2015 1314 2102 Sa·

294 2117 440 2180 lassorum
468 2131 500 2178 et
526 2115 757 2180 Cantabrorum
784 2118 900 2188 turbio,
933 2119 1037 2180 rediit.
1068 2119 1156 2196 (Dio
1174 2129 1229 2196 55.
1245 2115 1312 2190 25.)

296 2219 363 2304 Qui
379 2218 507 2299 quidem
530 2231 662 2280 conatur
679 2219 716 2280 ad
741 2219 902 2300 duplicem
926 2219 1166 2302 expeditionem
1189 2213 1312 2278 revocari

295 2317 434 2403 potsunt.
473 2319 655 2382 Adulatorie
672 2321 759 2382 enim
774 2323 890 2404 magio,
912 2341 1005 2401 quarn
1021 2341 1111 2388 vere,
1136 2321 1175 2380 ab
1189 2316 1310 2400 ,lnguslo

296 2419 470 2483 Britannoe
487 2420 589 2482 victor
605 2433 639 2482 et
660 2421 957 2502 imperioadiectoe
974 2421 1050 2492 etse,
1079 2423 1194 2484 iactant
1218 2420 1309 2479 liorrt.

296 2521 400 2584 odarr.
417 2535 450 2600 3,
466 2533 500 2598 5,
519 2536 553 2585 Ω.
574 2535 608 2582 et
622 2521 732 2605 Virgil.
748 2523 865 2606 Georg.
882 2537 913 2600 5,
929 2535 988 2600 25.
1007 2523 1060 2595 etsi
1077 2523 1115 2583 ad
1132 2543 1204 2584 eunt
1219 2521 1310 2581 lucum

296 2623 392 2683 etiam
425 2623 555 2685 Servius
587 2622 742 2686 adfirmat.
812 2622 936 2690 Diserte
969 2625 1055 2686 eninr
1087 2621 1257 2686 Suetonius
1282 2619 1309 2676 in

297 2723 433 2786 Claudio
451 2742 517 2806 cap.
541 2738 596 2797 17.
614 2723 758 2795 testatur,
783 2724 851 2806 poll
866 2726 985 2786 lulium
1002 2723 1164 2788 Caesarem
1181 2725 1216 2784 ad
1232 2720 1309 2782 Clau·

297 2823 388 2884 diurn
415 2824 495 2886 nulli
520 2824 715 2888 Britanniam
743 2823 832 2887 inille
864 2841 1036 2899 tentatam,
1069 2828 1119 2888 cni
1145 2823 1310 2905 suffragator

297 2925 425 2988 Tacitut
446 2925 481 2986 in
506 2926 651 3010 Agricola
668 2945 735 3007 cap.
757 2941 810 3006 ιδ.
831 2941 864 2988 et
883 2929 1017 3010 Eutrop.
1035 2941 1068 3002 7,
1090 2941 1146 3005 13.
1161 2924 1181 2988 s.
1197 2936 1229 3001 a.
1248 2936 1310 2982 cum

298 3023 410 3088 Orolto
428 3040 460 3100 7,
478 3026 510 3088 6.
538 3025 609 3090 Vici,
620 3027 808 3089 Torrentine
823 3041 854 3088 et
868 3027 1043 3092 Casaubon.
1061 3028 1098 3090 ad
1114 3030 1243 3091 Sueton.
1257 3042 1279 3082 c.
1291 3019 1308 3079 l.

296 3138 329 3186 et
345 3129 378 3185 in
394 3127 504 3208 primia
517 3126 682 3190 Reimarus
697 3129 734 3188 ad
751 3131 849 3192 Dion.
860 3131 917 3200 62,
931 3139 966 3210 4.
1000 3129 1180 3192 inhiaverat
1197 3125 1309 3207 quidem

295 3219 342 3286 illi
359 3224 519 3311 Caligula,
553 3225 603 3289 scd
625 3231 658 3290 in
681 3228 780 3290 stultia
806 3231 900 3293 minio
919 3244 953 3292 et
972 3229 1229 3294 ostentationibus
1248 3221 1309 3286 ndi·

297 3328 375 3388 culia
391 3325 533 3390 substitit.
578 3330 649 3390 vid.
665 3331 797 3394 Sueton.
810 3332 843 3392 in
863 3335 926 3394 vita
941 3351 1008 3414 cap.
1022 3341 1083 3411 44.
1100 3332 1160 3408 46.
1188 3331 1247 3390 Dio
1261 3325 1308 3391 603

300 3443 358 3490 at.
376 3439 409 3490 et
428 3440 484 3505 25.
500 3442 620 3511 praeter
634 3432 734 3494 olioe.¹
756 3433 909 3496 Claudius
924 3435 1021 3518 igitur
1034 3431 1103 3514 poll
1118 3433 1230 3492 lnlinnr
1245 3425 1307 3488 Cat·

299 3524 395 3589 sarem
413 3529 445 3588 id
463 3549 537 3592 vere
555 3531 702 3614 perfecit,
726 3547 836 3616 genter
860 3536 1003 3605 domuit,
1029 3553 1117 3617 reget
1135 3535 1230 3612 cepit.
1253 3541 1307 3608 Pil·

297 3641 363 3690 tem
387 3630 454 3691 eiua
476 3628 615 3714 subegit,
640 3647 673 3695 et
695 3635 729 3694 in
750 3637 933 3715 provinciae
952 3633 1085 3698 sormam
1108 3634 1239 3716 redegit.
1267 3622 1306 3684 uti

296 3743 422 3790 narrant
437 3732 569 3794 Sueton.
585 3753 650 3815 cap.
675 3749 728 3810 17.
754 3736 881 3797 Tacitus
899 3738 930 3796 in
947 3735 1089 3820 Agricola
1106 3754 1172 3816 cap.
1194 3745 1243 3805 13·
1262 3732 1305 3801 tl·

297 3831 362 3892 Dio
378 3831 437 3910 60,
460 3850 502 3912 19
520 3831 582 3914 sqq.
605 3846 638 3896 et
657 3854 737 3916 quoe
759 3837 911 3918 produxit
927 3835 1131 3899 Cambdeuue
1154 3838 1185 3894 in
1201 3829 1303 3892 Britan·

296 3931 349 3990 nia
370 3949 440 4015 pag.
458 3950 501 4012 19
521 3932 561 4014 sq.
583 3969 634 3983 -
675 3936 724 3997 Illi
748 3939 944 4018 expeditioni
974 3935 1004 3998 se
1025 3934 1194 3998 interfuisse
1216 3925 1303 3991 scribit

295 4029 479 4094 Scribonius
508 4034 630 4119 Largua
657 4035 690 4097 in
713 4035 853 4119 compos.
876 4037 961 4100 rned.
982 4057 1048 4119 cap.
1066 4034 1164 4115 oms.
1189 4037 1215 4111 §.
1236 4022 1300 4100 163·

291 4129 342 4194 An
358 4131 454 4194 etlam
475 4131 610 4241 tlrcadaa
625 4137 773 4202 Romano
790 4140 926 4222 imperio
942 4139 1098 4209 adiecerit,
1125 4139 1172 4200 uti
1192 4129 1301 4217 quidm
1326 4163 1329 4172 ι
