2696 4896
176 409 186 424 '
306 423 367 490 250
572 385 729 485 Oria
773 411 1068 471 exeoerrcac

312 587 386 652 Post
414 587 510 649 etiam
544 599 682 666 partem,
720 605 799 667 quae
829 605 868 648 ex
894 587 1007 649 indico
1032 587 1114 650 mari
1141 585 1177 648 iu
1203 587 1338 672 Caspium

314 689 436 773 vergit,
465 687 678 748 Macedonum
696 691 791 747 armis
812 689 1058 773 pernavigetam
1093 690 1230 752 Seleuco
1246 703 1277 750 et
1290 694 1338 752 Au·

314 790 425 852 tiocho
442 787 663 872 regnantibus,
689 789 746 868 qui
766 800 798 848 et
813 789 973 850 Seleucida
991 803 1084 871 etque
1100 791 1290 852 Antiochida
1307 791 1338 853 ab

315 892 387 974 ipiie
403 889 550 972 adpellari
573 888 722 959 voluere,
748 887 843 950 refert
862 889 943 950 Piin.
965 905 997 959 α.
1015 893 1074 966 67.
1136 891 1179 954 At
1206 893 1274 975 piua
1293 893 1338 956 ilie

317 991 480 1056 sevidisse
506 988 653 1060 iactabat,
678 1009 772 1070 quam
794 993 905 1051 videre
932 1005 1089 1071 potuerat.
1143 993 1241 1076 Quod
1263 1007 1338 1073 putat

316 1093 500 1160 Harduiuue
519 1091 556 1150 ad
573 1090 656 1152 Pliu.
672 1092 706 1160 6.
726 1102 781 1166 15.
797 1088 819 1154 s.
840 1103 894 1169 13.
918 1093 1034 1176 Volgae
1050 1091 1167 1175 (Rha)
1188 1091 1222 1156 sl.
1238 1094 1338 1154 ostium

317 1195 435 1258 berum
475 1190 640 1276 angustum
679 1190 831 1262 credidit,
878 1211 942 1272 quo
977 1191 1006 1255 se
1037 1195 1230 1272 Scythicum
1265 1213 1338 1256 mara

316 1297 339 1360 s.
358 1293 609 1377 septemtrionale
624 1293 657 1352 in
673 1291 819 1372 Caspium
837 1293 1025 1357 effunderet.
1061 1296 1257 1378 Diligentius
1272 1295 1338 1356 hanc

318 1414 466 1460 veterum
486 1395 673 1476 opinionem
692 1395 820 1475 eiusque
843 1395 999 1479 originem
1017 1393 1150 1458 excussu
1170 1397 1289 1458 Penaei.
1308 1395 1338 1456 ad

317 1499 463 1564 Strobon.
489 1498 529 1558 Τ.
553 1515 582 1558 t.
604 1513 674 1578 pag.
696 1509 778 1574 542.
831 1495 915 1558 Cum
941 1511 1063 1559 veteres
1090 1512 1258 1577 utramque
1282 1498 1338 1558 eiu

318 1619 407 1664 oraru
433 1598 583 1666 odierint.
618 1611 651 1657 et
679 1598 717 1655 ad
747 1596 864 1682 Volgae
897 1597 1007 1658 ossium
1036 1611 1122 1659 certe
1149 1598 1338 1678 penetrarier.

319 1701 493 1780 diserteque
515 1697 626 1758 ouium
650 1695 720 1758 satie
741 1697 839 1756 iatum
860 1713 1117 1762 commemorent
1135 1717 1208 1760 cum
1232 1699 1338 1766 accolit.

319 1815 411 1886 putat
435 1799 549 1862 ossium
573 1816 628 1860 eos
651 1797 793 1879 profecto
816 1799 937 1860 vidisse.
989 1801 1023 1864 Si
1043 1801 1132 1881 qnia,
1166 1801 1254 1880 quale
1273 1797 1338 1857 iilud

319 1905 366 1972 iit,
392 1914 529 1983 quaerat,
554 1912 617 1968 aut,
644 1899 684 1960 sic
703 1900 755 1959 ille
773 1918 878 1981 porro,
906 1902 1053 1971 orientia,
1080 1903 1205 1982 inquit,
1230 1897 1338 1958 hiberni

320 2005 403 2066 latua
421 1999 556 2062 cohaesit
576 1999 655 2060 olim
672 2019 745 2060 cum
762 2001 831 2060 lacu
850 2000 944 2072 Aras,
974 2021 1069 2083 quem
1091 2001 1214 2064 Oceani
1234 2013 1338 2082 partem

321 2101 508 2170 credebant,
544 2100 674 2181 eiusque
701 2100 815 2163 canalia
844 2121 930 2164 nunc
956 2102 999 2164 esi
1024 2103 1209 2172 exsiccatus,
1241 2113 1290 2160 aut
1310 2100 1338 2158 iu

321 2205 409 2268 exitu
442 2201 558 2284 Volgae
592 2215 733 2262 errarunt
764 2215 797 2263 et
830 2221 888 2284 pro
922 2220 1009 2284 parte
1044 2205 1139 2265 marie
1164 2203 1335 2264 habuerunt.

320 2304 478 2369 Posterius
494 2300 624 2383 probat,
649 2321 721 2364 cum
737 2303 837 2385 priori
853 2302 1023 2366 sententiae
1041 2305 1166 2367 obssent
1187 2313 1336 2365 montanae

321 2407 406 2468 iuter
428 2403 498 2464 Arai
522 2417 554 2464 et
583 2423 668 2466 mare
691 2401 838 2484 Caspium
868 2407 1026 2489 regiones.
1085 2407 1124 2468 At
1148 2403 1336 2468 adblanditur,

323 2507 408 2588 quod
425 2517 546 2565 veteres
561 2523 634 2564 curn
652 2505 737 2566 Mela
755 2506 897 2568 laxarten
913 2506 962 2583 (h.
981 2507 1029 2568 Sir
1046 2507 1160 2584 Darja)
1181 2507 1212 2565 in
1229 2501 1336 2582 Scythi-

323 2626 396 2671 cum
413 2607 507 2665 huiue
524 2607 616 2666 maria
635 2606 736 2664 sinum
756 2606 906 2676 educunt,
928 2609 1013 2668 unde
1030 2611 1063 2667 in
1082 2609 1132 2669 hia
1147 2608 1236 2668 terrie
1247 2617 1337 2663 rernm

325 2705 488 2770 converbo
510 2704 650 2767 accidisse
671 2707 808 2767 videtur.
862 2705 929 2768 Nec
951 2710 1051 2791 magia
1067 2709 1257 2770 recentiores
1278 2721 1338 2764 coo·

325 2807 475 2870 sentiunt.
528 2807 667 2888 Quidam
685 2808 772 2866 enim
791 2819 1006 2870 commeatum
1023 2811 1092 2870 eiua
1109 2829 1184 2869 cum
1202 2805 1266 2867 aliie
1280 2818 1337 2884 pro·

324 2909 411 2971 bant.
454 2909 500 2968 lta
523 2907 623 2968 Paliae
646 2905 759 2990 (Reise
783 2907 882 2968 durch
904 2907 1131 2972 deeRuffische
1148 2907 1246 2970 Reicb
1261 2907 1296 2965 T.
1312 2913 1337 2979 5.

324 3032 357 3093 pr
374 3011 445 3087 569
462 3005 546 3088 sqq.)
571 3006 755 3089 suspicatur,
782 3027 855 3068 cum
880 3010 984 3072 Ponto
1004 3013 1130 3072 Euxino
1148 3010 1337 3071 coniunctum

325 3110 430 3180 suisse,
466 3110 560 3189 idque
582 3109 722 3189 pluribus
745 3109 891 3172 evincere
909 3112 1032 3175 nititur.
1081 3113 1170 3171 Tum
1186 3125 1259 3172 reru
1275 3107 1337 3166 non

324 3226 358 3274 et
386 3210 517 3292 Volgam
541 3209 658 3270 fluvioa
684 3209 824 3288 (Tanain
848 3223 880 3270 et
904 3211 993 3290 siha)
1018 3211 1075 3274 alia
1100 3211 1175 3274 oiiia
1204 3201 1336 3270 habuitie.

326 3313 418 3378 huna
437 3309 501 3372 sere
521 3311 599 3371 circa
623 3302 825 3399 Dmitresrk‚
858 3313 949 3372 illum
970 3315 1004 3373 in
1029 3313 1210 3376 confluente
1231 3306 1336 3370 Donec

327 3415 416 3494 quod
441 3413 586 3491 adparere
616 3411 694 3472 dicit
721 3430 760 3473 ex
786 3411 943 3474 hodierno
968 3414 1025 3474 suu
1053 3413 1225 3476 excelsioris
1244 3419 1335 3468 teme·

327 3513 421 3593 (vae.
436 3531 468 3594 p.
481 3513 586 3588 575.)
623 3511 722 3572 anter
737 3512 949 3584 sauveuoenc
972 3512 1099 3590 (neuen
1116 3516 1156 3578 T.
1171 3535 1197 3576 ι.
1214 3531 1244 3592 p.
1256 3503 1336 3582 egr.)

327 3616 383 3696 qui
407 3625 497 3696 putat
521 3631 577 3693 per
604 3613 726 3672 hiatum
752 3631 850 3694 prope
883 3613 1045 3676 Astarabad
1077 3617 1112 3676 in
1143 3610 1336 3676 meranden

328 3714 461 3778 Persidis
492 3714 670 3796 provincia,
705 3733 779 3775 cum
806 3713 872 3774 sinu
898 3716 1022 3778 Persico
1048 3717 1227 3784 cohaerere,
1263 3703 1336 3788 quod

329 3815 457 3897 quidem
481 3814 624 3876 credatur
644 3827 678 3874 et
698 3813 852 3877 videatur.
893 3817 941 3877 De
962 3817 1017 3879 ilio
1037 3817 1143 3886 hiatu,
1165 3819 1198 3877 in
1214 3827 1299 3895 quent
1311 3800 1335 3862 st

329 3917 530 3998 praecipitet,
561 3916 647 3978 unde
670 3914 772 3976 subter
794 3929 919 3979 montet
946 3916 1159 3988 absorbeatur,
1187 3925 1256 3977 aute
1273 3921 1333 3968 eum

330 4019 395 4082 iam
410 4018 517 4081 retulit
527 4015 670 4082 Oleariue
684 4036 711 4082 c.
720 4016 743 4080 1.
769 4019 925 4100 Denique,
942 4021 1030 4101 quod
1042 4021 1191 4103 equidem
1204 4005 1332 4100 cognovi,
