2696 4896
185 448 241 506 IN
267 447 399 507 tonte.
426 447 532 505 ott-:L
573 441 686 504 Lm.
728 437 819 508 (Η.
860 447 939 517 §.m
1018 454 1079 514 u?

24 621 128 680 ticam
155 619 202 682 de
224 623 381 682 maritima
401 634 434 682 et
456 621 488 682 in
514 618 771 703 septemtrionem
792 634 932 703 porrecta
949 620 1078 682 Germa·

24 725 100 782 niae
118 724 263 806 regione
278 723 444 804 intelligit;
467 721 621 784 Gesnerua
637 724 675 782 nd
690 723 804 785 calcem
816 723 936 804 Orphei
949 742 980 803 p.
990 722 1075 800 468.

25 824 65 883 de
85 821 249 904 Hispania
271 839 302 885 et
318 823 532 906 Hyperboreis
544 825 585 884 ad
606 824 727 884 Atlanta
747 825 822 886 inde
842 825 916 887 sitia.
970 823 1077 904 Prope

25 925 201 986 Atlantem
230 939 263 986 et
286 923 496 1006 Hesperidum
518 926 628 986 hortos
653 926 796 986 conlocat
815 924 1024 1006 Apollodorus
1040 939 1074 994 tt.

26 1037 58 1101 5.
84 1045 147 1089 tt.
178 1025 238 1086 ubi
255 1023 295 1087 cs.
314 1027 437 1104 Heyne.
486 1027 623 1088 Incertae
640 1040 746 1088 autent
763 1025 834 1088 ferri
852 1026 1075 1109 Hyperboreo·

24 1147 99 1187 rom
129 1126 242 1196 sedeo,
276 1147 342 1188 non
366 1129 482 1192 mitum
509 1127 612 1189 censet
634 1127 830 1190 Gesneruac.
854 1129 875 1190 l.
898 1149 968 1212 pag.
988 1125 1073 1206 464.

25 1247 101 1288 enm
129 1248 197 1288 nec
220 1227 284 1310 ipse
307 1229 432 1296 Boreae.
465 1229 516 1289 vel
543 1229 666 1309 Aquilo,
699 1230 778 1290 ultra
801 1249 896 1310 quern
919 1229 1073 1298 locantur,

27 1348 132 1392 certae
153 1328 272 1390 habeat
294 1331 327 1389 in
350 1329 549 1396 auctoribus.
582 1333 614 1389 in
632 1351 726 1411 quam
742 1351 809 1392 rem
824 1332 924 1411 aliqua
945 1330 1070 1390 adtulit.

26 1431 138 1513 Vulgo
167 1442 204 1492 et
236 1431 423 1513 plerumque
450 1431 604 1492 Thraciae
630 1432 726 1491 tribui
753 1445 869 1492 noturn
895 1430 948 1492 est.
1002 1429 1073 1492 Esse

27 1533 127 1592 taletn
164 1533 327 1614 populum
360 1533 494 1594 omnino
526 1545 619 1615 negat
644 1533 800 1594 Herotlot.
822 1543 858 1612 4,
883 1548 1073 1612 72.‘quem

25 1645 140 1693 tamen
158 1631 281 1700 refutat
299 1633 518 1695 Eratosthenes
532 1634 614 1714 apud
630 1633 775 1696 Strabou.
800 1653 827 1697 r.
849 1654 880 1715 p.
895 1645 956 1716 42.
974 1631 994 1695 s.
1011 1629 1071 1697 6r.

25 1734 67 1794 Et
83 1733 128 1794 lic
145 1735 275 1795 Plinius
289 1742 324 1812 4,
346 1750 402 1808 27.
419 1731 438 1797 s.
465 1749 518 1814 ¹5·
539 1747 670 1817 propter
686 1748 734 1797 tot
752 1749 915 1798 auctorum
934 1733 1070 1796 tellirno-

24 1837 76 1895 nia
93 1855 221 1918 negare
237 1853 302 1898 nun
317 1835 423 1898 audet.
449 1837 496 1896 Ex
513 1833 624 1897 sabulia
638 1855 693 1898 eor
706 1836 1069 1920 aditruntArgunautae.

25 1936 372 2017 (Orpheusv,1075.
393 1941 458 2014 -)
486 1937 610 2006 Medea,
633 1938 820 1998 dissimulata
836 1935 945 2005 sorore,
970 1935 1069 2012 (Diu-
1179 1931 1186 1946 '

25 2039 93 2099 dor.
114 2037 188 2100 Sic.
206 2049 242 2116 4.
256 2041 336 2114 5ι.)
362 2035 500 2107 Perseus.
523 2039 691 2114 (Pindarus
706 2039 803 2117 Pyth.
822 2056 875 2106 to.
891 2040 965 2116 48.)
990 2035 1070 2098 Her·

25 2141 126 2200 cules.
153 2137 311 2221 (Pindar.
326 2139 457 2220 Olymp.
474 2154 505 2219 5,
522 2151 580 2216 55.
606 2140 790 2220 Apollotlor.
808 2156 841 2208 Ω.
854 2151 886 2216 5,
901 2135 978 2216 tt.)
1017 2138 1067 2199 De

24 2239 163 2301 illorum
183 2241 323 2320 antiquis
340 2238 461 2302 sedibue
482 2259 548 2302 nou
572 2241 681 2302 minus
696 2241 793 2302 hodie
810 2241 911 2302 variae
930 2237 1070 2321 prossant

23 2349 182 2403 virorum
201 2344 370 2404 doctorum
386 2343 571 2422 opiniouet.
597 2362 729 2422 quatum
748 2344 866 2424 aliquae
880 2339 1069 2402 adserendae

24 2443 201 2502 ridentur.
251 2443 303 2504 Sic
324 2443 532 2503 llndbecltiua
549 2444 663 2504 Atlant.
681 2441 717 2507 P.
738 2462 767 2506 r.
792 2463 858 2525 cap.
875 2460 908 2521 9.
931 2463 962 2525 p.
983 2441 1067 2522 366.

24 2545 271 2606 asuevonunr
298 2559 393 2626 gente
419 2557 451 2606 et
481 2563 593 2606 eorum
619 2541 832 2624 antiquissimo
865 2561 939 2626 rege
964 2543 1069 2604 Borea

26 2641 175 2706 [Boreo
200 2664 318 2704 nomen
342 2640 478 2715 arcessit,
508 2645 547 2706 ab
563 2665 662 2726 euque
680 2637 855 2733 Oferdurrte
875 2645 976 2708 dictos
997 2643 1068 2714 esse,

25 2746 112 2826 quast
134 2741 300 2806 celtisstma
317 2745 405 2826 slirpe
423 2742 559 2828 genitor.
598 2745 791 2808 liudbeckio
809 2742 964 2828 suffragari
981 2745 1069 2806 ride·

25 2859 81 2906 tur
114 2847 298 2907 Hecataeus
329 2847 410 2926 apud
436 2848 532 2908 Diod.
559 2847 620 2908 Sic.
646 2864 679 2916 Ω,
700 2857 760 2925 47.
795 2847 849 2906 etsr
879 2857 1067 2931 repugnant.

27 2967 108 3028 quoe
126 2947 249 3008 aliieia
272 2947 395 3008 vicinos
419 2945 546 3016 iaciunt.
576 2948 743 3018 Issedones,
767 2945 926 3030 Arimaspi.
970 2945 1070 3011 Sueo·

26 3051 118 3110 niam
152 3061 264 3109 autem
293 3047 502 3110 lirrtlbecltiua
537 3050 816 3129 Hyperboreorum
845 3047 978 3108 insulam
1008 3047 1068 3110 esse

27 3151 207 3212 contendit
221 3169 250 3211 c.
264 3149 285 3208 Ι.
309 3149 365 3209 ubi
377 3151 513 3232 plurima
530 3145 692 3232 congesstt.
726 3151 808 3210 Eum
823 3151 906 3210 ritlet
920 3150 1067 3211 Perizon-

26 3255 64 3312 ad
80 3252 212 3314 Aelian.
233 3251 269 3312 V.
286 3251 326 3312 H.
346 3265 378 3318 Ω,
395 3251 452 3313 26.
491 3251 575 3312 Ultra
589 3251 753 3312 Thraciam
769 3253 859 3332 ponit
877 3251 990 3310 Banier
1005 3268 1032 3311 c.
1048 3249 1071 3312 l.

26 3371 101 3437 pag.
123 3365 209 3430 130.
238 3353 309 3432 qnia
324 3353 402 3412 ultra
423 3353 612 3432 Aquilonem
629 3366 726 3413 terrae
744 3351 904 3413 veteribut
926 3351 1070 3433 incogni-

27 3465 79 3516 tae
103 3451 257 3521 suerunt,
290 3467 321 3514 et
340 3454 373 3513 in
391 3451 522 3514 Thracia
544 3453 709 3534 Aquilonia
730 3451 814 3515 sedea
831 3454 973 3534 ponitur.
1016 3447 1069 3514 Cs.

28 3555 133 3618 Ouid.
155 3552 288 3614 Metam.
306 3555 339 3616 6.
357 3566 436 3616 extr.
458 3567 489 3616 et
503 3574 580 3634 qnae
599 3555 705 3634 paullo
729 3552 877 3635 superins.
917 3553 976 3614 Alii
993 3571 1068 3614 outn

29 3657 196 3720 Strabone
216 3655 351 3716 omniuo
374 3653 640 3736 septemtrionales
657 3657 794 3738 populor
814 3655 1014 3738 intelligunt,
1040 3667 1079 3714 etr

32 3759 171 3839 quidem
193 3761 332 3817 maxime
354 3757 484 3816 colonos
498 3759 689 3818 Graecorum
714 3757 746 3816 in
761 3756 857 3820 l’outi
879 3754 1090 3838 septemtrio·¹

33 3861 99 3921 nali
124 3859 239 3940 litore¹
267 3858 356 3920 coiua
376 3855 477 3918 causae
495 3871 607 3939 petunt
625 3877 664 3919 ert
682 3858 807 3918 Graecia
822 3857 953 3926 ritibus.
979 3859 1073 3940 Apol·

32 3961 110 4023 linia
144 3958 234 4020 Delii
269 3958 375 4026 cultu,
416 3970 448 4019 et
480 3958 621 4041 vestigiis
647 3957 799 4018 sermonis
827 3959 860 4018 in
887 3959 1074 4023 nominibus

32 4061 190 4146 propriis.
237 4061 308 4121 Vid.
327 4057 508 4144 Welseling.
529 4061 568 4120 ad
590 4059 724 4121 Diodor.
748 4056 811 4123 Sic.
830 4077 861 4130 n,
883 4071 945 4140 47.
977 4063 1075 4124 Hero·

35 4165 102 4229 dut.
120 4173 158 4244 4,
185 4173 245 4242 32.
286 4160 422 4241 Bayerue
446 4161 481 4224 in
505 4159 621 4225 dissert.
646 4159 686 4226 de
711 4160 928 4246 Hyperboreis
952 4165 993 4226 T.
1018 4185 1072 4224 ιι.
