<?xml version="1.0" encoding="UTF-8"?>
<!DOCTYPE html PUBLIC "-//W3C//DTD XHTML 1.0 Transitional//EN"
    "http://www.w3.org/TR/xhtml1/DTD/xhtml1-transitional.dtd">
<html xmlns="http://www.w3.org/1999/xhtml" xml:lang="en" lang="en">
 <head>
  <title>
</title>
<meta http-equiv="Content-Type" content="text/html;charset=utf-8" />
  <meta name='ocr-system' content='tesseract 3.04.00' />
  <meta name='ocr-capabilities' content='ocr_page ocr_carea ocr_par ocr_line ocrx_word'/>
</head>
<body>
  <div class='ocr_page' id='page_1' title='image "./pomponiimelaede03melagoog_0198.png"; bbox 0 0 2696 4896; ppageno 0'>
   <div class='ocr_carea' id='block_1_1' title="bbox 274 406 1061 497">
    <p class='ocr_par' dir='ltr' id='par_1_1' title="bbox 274 406 1061 497">
     <span class='ocr_line' id='line_1_1' title="bbox 274 406 1061 497; baseline -0.005 -25"><span class='ocrx_word' id='word_1_1' title='bbox 274 423 355 497; x_wconf 64' lang='grc' dir='ltr'><strong>..μ</strong></span> <span class='ocrx_word' id='word_1_2' title='bbox 559 409 722 470; x_wconf 80' lang='lat' dir='ltr'><strong>arom</strong></span> <span class='ocrx_word' id='word_1_3' title='bbox 761 406 1061 470; x_wconf 78' lang='lat' dir='ltr'><strong>exroarrcrr</strong></span> 
     </span>
    </p>
   </div>
   <div class='ocr_carea' id='block_1_2' title="bbox 289 579 1335 4191">
    <p class='ocr_par' dir='ltr' id='par_1_2' title="bbox 289 579 1335 3298">
     <span class='ocr_line' id='line_1_2' title="bbox 289 579 1335 669; baseline -0.008 -21"><span class='ocrx_word' id='word_1_4' title='bbox 289 588 347 652; x_wconf 81' lang='lat' dir='ltr'><strong>etfi</strong></span> <span class='ocrx_word' id='word_1_5' title='bbox 362 586 404 648; x_wconf 83' lang='lat' dir='ltr'><strong>lic</strong></span> <span class='ocrx_word' id='word_1_6' title='bbox 424 595 520 668; x_wconf 80' lang='lat' dir='ltr'><strong>putat</strong></span> <span class='ocrx_word' id='word_1_7' title='bbox 541 581 662 646; x_wconf 79' lang='lat' dir='ltr'><strong>Galeur</strong></span> <span class='ocrx_word' id='word_1_8' title='bbox 678 604 753 668; x_wconf 79' lang='lat' dir='ltr'><strong>pag.</strong></span> <span class='ocrx_word' id='word_1_9' title='bbox 770 603 802 646; x_wconf 83' lang='lat' dir='ltr'><strong>a.</strong></span> <span class='ocrx_word' id='word_1_10' title='bbox 824 583 936 669; x_wconf 75' lang='lat' dir='ltr'><strong>potius</strong></span> <span class='ocrx_word' id='word_1_11' title='bbox 957 579 1106 666; x_wconf 87' lang='lat' dir='ltr'><strong>spurium</strong></span> <span class='ocrx_word' id='word_1_12' title='bbox 1126 579 1199 646; x_wconf 82' lang='lat' dir='ltr'><strong>eiua</strong></span> <span class='ocrx_word' id='word_1_13' title='bbox 1223 584 1335 648; x_wconf 73' lang='lat' dir='ltr'><strong>setumt</strong></span> 
     </span>
     <span class='ocr_line' id='line_1_3' title="bbox 290 681 1325 770; baseline -0.004 -18"><span class='ocrx_word' id='word_1_14' title='bbox 290 690 441 752; x_wconf 76' lang='lat' dir='ltr'><strong>tectam.</strong></span> <span class='ocrx_word' id='word_1_15' title='bbox 474 683 527 748; x_wconf 81' lang='lat' dir='ltr'><strong>Cf.</strong></span> <span class='ocrx_word' id='word_1_16' title='bbox 544 684 585 745; x_wconf 83' lang='lat' dir='ltr'><strong>ad</strong></span> <span class='ocrx_word' id='word_1_17' title='bbox 601 685 803 770; x_wconf 74' lang='lat' dir='ltr'><strong>Eutropium</strong></span> <span class='ocrx_word' id='word_1_18' title='bbox 818 705 854 765; x_wconf 90' lang='lat'><strong>9,</strong></span> <span class='ocrx_word' id='word_1_19' title='bbox 875 705 933 748; x_wconf 77' lang='lat' dir='ltr'><strong>aa.</strong></span> <span class='ocrx_word' id='word_1_20' title='bbox 950 681 997 746; x_wconf 89' lang='lat' dir='ltr'><strong>iu.</strong></span> <span class='ocrx_word' id='word_1_21' title='bbox 1022 681 1081 746; x_wconf 90' lang='lat' dir='ltr'><strong>ubi</strong></span> <span class='ocrx_word' id='word_1_22' title='bbox 1097 701 1208 748; x_wconf 86' lang='lat' dir='ltr'><strong>notata</strong></span> <span class='ocrx_word' id='word_1_23' title='bbox 1227 708 1270 748; x_wconf 87' lang='lat' dir='ltr'><strong>ex</strong></span> <span class='ocrx_word' id='word_1_24' title='bbox 1285 687 1325 749; x_wconf 88' lang='lat' dir='ltr'><strong>se-</strong></span> 
     </span>
     <span class='ocr_line' id='line_1_4' title="bbox 289 782 1327 878; baseline -0.003 -26"><span class='ocrx_word' id='word_1_25' title='bbox 289 784 468 878; x_wconf 81' lang='lat' dir='ltr'><strong>quentibnr</strong></span> <span class='ocrx_word' id='word_1_26' title='bbox 487 782 649 848; x_wconf 76' lang='lat' dir='ltr'><strong>inlustrari</strong></span> <span class='ocrx_word' id='word_1_27' title='bbox 672 802 707 848; x_wconf 90' lang='lat' dir='ltr'><strong>et</strong></span> <span class='ocrx_word' id='word_1_28' title='bbox 727 785 841 871; x_wconf 83' lang='lat' dir='ltr'><strong>perfici</strong></span> <span class='ocrx_word' id='word_1_29' title='bbox 861 787 999 871; x_wconf 85' lang='lat' dir='ltr'><strong>possunt.</strong></span> <span class='ocrx_word' id='word_1_30' title='bbox 1050 785 1177 869; x_wconf 85' lang='lat' dir='ltr'><strong>Nempe</strong></span> <span class='ocrx_word' id='word_1_31' title='bbox 1196 789 1327 850; x_wconf 82' lang='lat' dir='ltr'><strong>Britan·</strong></span> 
     </span>
     <span class='ocr_line' id='line_1_5' title="bbox 290 884 1323 972; baseline 0 -22"><span class='ocrx_word' id='word_1_32' title='bbox 290 895 364 956; x_wconf 82' lang='lat' dir='ltr'><strong>m&#39;ae</strong></span> <span class='ocrx_word' id='word_1_33' title='bbox 377 885 459 950; x_wconf 91' lang='lat' dir='ltr'><strong>olim</strong></span> <span class='ocrx_word' id='word_1_34' title='bbox 474 884 584 948; x_wconf 83' lang='lat' dir='ltr'><strong>dictae</strong></span> <span class='ocrx_word' id='word_1_35' title='bbox 597 885 672 948; x_wconf 89' lang='lat' dir='ltr'><strong>sunt</strong></span> <span class='ocrx_word' id='word_1_36' title='bbox 685 909 754 950; x_wconf 88' lang='lat' dir='ltr'><strong>uon</strong></span> <span class='ocrx_word' id='word_1_37' title='bbox 769 905 836 950; x_wconf 88' lang='lat' dir='ltr'><strong>tam</strong></span> <span class='ocrx_word' id='word_1_38' title='bbox 847 885 1028 958; x_wconf 79' lang='lat' dir='ltr'><strong>Britannia,</strong></span> <span class='ocrx_word' id='word_1_39' title='bbox 1050 909 1150 972; x_wconf 80' lang='lat' dir='ltr'><strong>quam</strong></span> <span class='ocrx_word' id='word_1_40' title='bbox 1166 909 1247 950; x_wconf 90' lang='lat' dir='ltr'><strong>cum</strong></span> <span class='ocrx_word' id='word_1_41' title='bbox 1261 887 1323 972; x_wconf 86' lang='lat' dir='ltr'><strong>ipsa</strong></span> 
     </span>
     <span class='ocr_line' id='line_1_6' title="bbox 291 985 1323 1068; baseline 0.002 -14"><span class='ocrx_word' id='word_1_42' title='bbox 291 989 478 1054; x_wconf 69' lang='lat' dir='ltr'><strong>adiacentes</strong></span> <span class='ocrx_word' id='word_1_43' title='bbox 492 985 629 1064; x_wconf 82' lang='lat' dir='ltr'><strong>insulae,</strong></span> <span class='ocrx_word' id='word_1_44' title='bbox 655 986 705 1050; x_wconf 89' lang='lat' dir='ltr'><strong>uti</strong></span> <span class='ocrx_word' id='word_1_45' title='bbox 721 987 839 1052; x_wconf 85' lang='lat' dir='ltr'><strong>diserte</strong></span> <span class='ocrx_word' id='word_1_46' title='bbox 854 987 954 1050; x_wconf 79' lang='lat' dir='ltr'>tradit</span> <span class='ocrx_word' id='word_1_47' title='bbox 966 986 1094 1050; x_wconf 81' lang='lat' dir='ltr'><strong>Plinius</strong></span> <span class='ocrx_word' id='word_1_48' title='bbox 1109 999 1145 1068; x_wconf 77' lang='grc'><strong>4,</strong></span> <span class='ocrx_word' id='word_1_49' title='bbox 1162 1005 1224 1066; x_wconf 85' lang='lat'><strong>30.</strong></span> <span class='ocrx_word' id='word_1_50' title='bbox 1234 991 1257 1054; x_wconf 92' lang='lat' dir='ltr'><strong>s.</strong></span> <span class='ocrx_word' id='word_1_51' title='bbox 1272 993 1323 1056; x_wconf 81' lang='lat'><strong>16.</strong></span> 
     </span>
     <span class='ocr_line' id='line_1_7' title="bbox 292 1087 1323 1176; baseline 0.003 -23"><span class='ocrx_word' id='word_1_52' title='bbox 292 1087 426 1158; x_wconf 76' lang='lat' dir='ltr'><strong>Graecis</strong></span> <span class='ocrx_word' id='word_1_53' title='bbox 454 1088 529 1150; x_wconf 89' lang='lat' dir='ltr'><strong>sunt</strong></span> <span class='ocrx_word' id='word_1_54' title='bbox 557 1087 773 1176; x_wconf 70' lang='lat' dir='ltr'><strong>Bprrrrriltr</strong></span> <span class='ocrx_word' id='word_1_55' title='bbox 798 1093 906 1174; x_wconf 74' lang='grc' dir='ltr'><strong><em>νῆσοι,</em></strong></span> <span class='ocrx_word' id='word_1_56' title='bbox 938 1087 988 1151; x_wconf 87' lang='lat' dir='ltr'><strong>uti</strong></span> <span class='ocrx_word' id='word_1_57' title='bbox 1012 1089 1169 1170; x_wconf 82' lang='lat' dir='ltr'><strong>Dionyfio</strong></span> <span class='ocrx_word' id='word_1_58' title='bbox 1189 1115 1224 1154; x_wconf 82' lang='lat' dir='ltr'><strong>v.</strong></span> <span class='ocrx_word' id='word_1_59' title='bbox 1243 1093 1323 1168; x_wconf 83' lang='lat'><strong>566.</strong></span> 
     </span>
     <span class='ocr_line' id='line_1_8' title="bbox 291 1188 1325 1276; baseline -0.001 -20"><span class='ocrx_word' id='word_1_60' title='bbox 291 1193 471 1276; x_wconf 84' lang='lat' dir='ltr'><strong>Stephano,</strong></span> <span class='ocrx_word' id='word_1_61' title='bbox 495 1188 667 1252; x_wconf 80' lang='lat' dir='ltr'><strong>Marciano</strong></span> <span class='ocrx_word' id='word_1_62' title='bbox 682 1213 711 1256; x_wconf 90' lang='lat' dir='ltr'><strong>c.</strong></span> <span class='ocrx_word' id='word_1_63' title='bbox 731 1193 753 1257; x_wconf 88' lang='lat' dir='ltr'><strong>l.</strong></span> <span class='ocrx_word' id='word_1_64' title='bbox 778 1195 834 1253; x_wconf 85' lang='lat' dir='ltr'><strong>etsr</strong></span> <span class='ocrx_word' id='word_1_65' title='bbox 849 1189 905 1254; x_wconf 85' lang='lat' dir='ltr'><strong>bic</strong></span> <span class='ocrx_word' id='word_1_66' title='bbox 923 1191 1005 1252; x_wconf 79' lang='lat' dir='ltr'><strong>duas</strong></span> <span class='ocrx_word' id='word_1_67' title='bbox 1023 1189 1219 1254; x_wconf 85' lang='lat' dir='ltr'><strong>eonomine</strong></span> <span class='ocrx_word' id='word_1_68' title='bbox 1242 1213 1325 1255; x_wconf 90' lang='lat' dir='ltr'><strong>com·</strong></span> 
     </span>
     <span class='ocr_line' id='line_1_9' title="bbox 292 1291 1325 1382; baseline 0.001 -25"><span class='ocrx_word' id='word_1_69' title='bbox 292 1291 449 1382; x_wconf 82' lang='lat' dir='ltr'><strong>plectitur</strong></span> <span class='ocrx_word' id='word_1_70' title='bbox 470 1313 548 1354; x_wconf 88' lang='lat' dir='ltr'><strong>cum</strong></span> <span class='ocrx_word' id='word_1_71' title='bbox 561 1293 780 1374; x_wconf 81' lang='lat' dir='ltr'><strong>Agathemero</strong></span> <span class='ocrx_word' id='word_1_72' title='bbox 798 1311 831 1362; x_wconf 77' lang='lat' dir='ltr'><strong>o.</strong></span> <span class='ocrx_word' id='word_1_73' title='bbox 847 1303 881 1372; x_wconf 73' lang='grc'><strong>4.</strong></span> <span class='ocrx_word' id='word_1_74' title='bbox 902 1291 1066 1356; x_wconf 69' lang='lat' dir='ltr'><strong>Albinum</strong></span> <span class='ocrx_word' id='word_1_75' title='bbox 1081 1309 1115 1354; x_wconf 86' lang='lat' dir='ltr'><strong>et</strong></span> <span class='ocrx_word' id='word_1_76' title='bbox 1131 1293 1325 1366; x_wconf 79' lang='lat' dir='ltr'><strong>Hiberm‘rm,</strong></span> 
     </span>
     <span class='ocr_line' id='line_1_10' title="bbox 292 1391 1325 1476; baseline -0.001 -18"><span class='ocrx_word' id='word_1_77' title='bbox 292 1393 345 1460; x_wconf 85' lang='lat' dir='ltr'><strong>uti</strong></span> <span class='ocrx_word' id='word_1_78' title='bbox 365 1410 403 1464; x_wconf 74' lang='lat' dir='ltr'><strong>et</strong></span> <span class='ocrx_word' id='word_1_79' title='bbox 423 1391 565 1476; x_wconf 84' lang='lat' dir='ltr'><strong>explicat</strong></span> <span class='ocrx_word' id='word_1_80' title='bbox 582 1392 724 1456; x_wconf 81' lang='lat' dir='ltr'><strong>Eustatb.</strong></span> <span class='ocrx_word' id='word_1_81' title='bbox 744 1393 786 1454; x_wconf 88' lang='lat' dir='ltr'><strong>ad</strong></span> <span class='ocrx_word' id='word_1_82' title='bbox 806 1391 940 1472; x_wconf 80' lang='lat' dir='ltr'><strong>Dionys.</strong></span> <span class='ocrx_word' id='word_1_83' title='bbox 956 1413 985 1460; x_wconf 87' lang='lat' dir='ltr'><strong>c.</strong></span> <span class='ocrx_word' id='word_1_84' title='bbox 1008 1395 1029 1456; x_wconf 91' lang='lat' dir='ltr'><strong>l.</strong></span> <span class='ocrx_word' id='word_1_85' title='bbox 1087 1397 1131 1456; x_wconf 90' lang='lat' dir='ltr'><strong>Et</strong></span> <span class='ocrx_word' id='word_1_86' title='bbox 1148 1397 1191 1457; x_wconf 84' lang='lat' dir='ltr'><strong>fic</strong></span> <span class='ocrx_word' id='word_1_87' title='bbox 1211 1392 1325 1457; x_wconf 81' lang='lat' dir='ltr'><strong>diserte</strong></span> 
     </span>
     <span class='ocr_line' id='line_1_11' title="bbox 294 1491 1332 1582; baseline 0.002 -24"><span class='ocrx_word' id='word_1_88' title='bbox 294 1497 481 1582; x_wconf 77' lang='lat' dir='ltr'><strong>Stephanae</strong></span> <span class='ocrx_word' id='word_1_89' title='bbox 497 1491 665 1581; x_wconf 75' lang='grc' dir='ltr'><strong>Ἰουερνίαν</strong></span> <span class='ocrx_word' id='word_1_90' title='bbox 680 1491 762 1574; x_wconf 81' lang='lat' dir='ltr'><strong>(vid.</strong></span> <span class='ocrx_word' id='word_1_91' title='bbox 780 1495 813 1561; x_wconf 89' lang='lat' dir='ltr'><strong>h.</strong></span> <span class='ocrx_word' id='word_1_92' title='bbox 825 1499 871 1572; x_wconf 88' lang='lat' dir='ltr'><strong>v.)</strong></span> <span class='ocrx_word' id='word_1_93' title='bbox 889 1491 1092 1582; x_wconf 75' lang='grc' dir='ltr'><strong>Πρετανικὴν</strong></span> <span class='ocrx_word' id='word_1_94' title='bbox 1107 1497 1204 1580; x_wconf 72' lang='grc' dir='ltr'><strong><em>νῆσον</em></strong></span> <span class='ocrx_word' id='word_1_95' title='bbox 1221 1513 1332 1567; x_wconf 78' lang='lat' dir='ltr'><strong>vocat..</strong></span> 
     </span>
     <span class='ocr_line' id='line_1_12' title="bbox 292 1593 1326 1682; baseline -0.002 -20"><span class='ocrx_word' id='word_1_96' title='bbox 292 1597 346 1662; x_wconf 82' lang='lat' dir='ltr'><strong>uti</strong></span> <span class='ocrx_word' id='word_1_97' title='bbox 364 1593 540 1661; x_wconf 79' lang='lat' dir='ltr'><strong>Albionem</strong></span> <span class='ocrx_word' id='word_1_98' title='bbox 561 1597 700 1658; x_wconf 88' lang='lat' dir='ltr'><strong>Ptolem.</strong></span> <span class='ocrx_word' id='word_1_99' title='bbox 722 1611 757 1674; x_wconf 80' lang='lat'><strong>3,</strong></span> <span class='ocrx_word' id='word_1_100' title='bbox 784 1615 816 1658; x_wconf 81' lang='lat' dir='ltr'><strong>a.</strong></span> <span class='ocrx_word' id='word_1_101' title='bbox 870 1597 963 1682; x_wconf 75' lang='lat' dir='ltr'><strong>Quae</strong></span> <span class='ocrx_word' id='word_1_102' title='bbox 986 1595 1076 1659; x_wconf 88' lang='lat' dir='ltr'><strong>enim</strong></span> <span class='ocrx_word' id='word_1_103' title='bbox 1096 1595 1234 1681; x_wconf 85' lang='lat' dir='ltr'><strong>proprie</strong></span> <span class='ocrx_word' id='word_1_104' title='bbox 1251 1596 1326 1660; x_wconf 87' lang='lat' dir='ltr'><strong>dici·</strong></span> 
     </span>
     <span class='ocr_line' id='line_1_13' title="bbox 295 1695 1324 1779; baseline -0.004 -16"><span class='ocrx_word' id='word_1_105' title='bbox 295 1715 350 1763; x_wconf 89' lang='lat' dir='ltr'><strong>tur</strong></span> <span class='ocrx_word' id='word_1_106' title='bbox 363 1695 547 1768; x_wconf 71' lang='lat' dir='ltr'><strong>Britannia,</strong></span> <span class='ocrx_word' id='word_1_107' title='bbox 564 1695 725 1779; x_wconf 83' lang='lat' dir='ltr'><strong>peculiari</strong></span> <span class='ocrx_word' id='word_1_108' title='bbox 738 1712 772 1758; x_wconf 89' lang='lat' dir='ltr'><strong>et</strong></span> <span class='ocrx_word' id='word_1_109' title='bbox 788 1697 844 1759; x_wconf 93' lang='lat' dir='ltr'><strong>suo</strong></span> <span class='ocrx_word' id='word_1_110' title='bbox 860 1695 996 1758; x_wconf 87' lang='lat' dir='ltr'><strong>nomine</strong></span> <span class='ocrx_word' id='word_1_111' title='bbox 1011 1715 1127 1761; x_wconf 79' lang='lat' dir='ltr'><strong>vocata</strong></span> <span class='ocrx_word' id='word_1_112' title='bbox 1139 1699 1184 1760; x_wconf 89' lang='lat' dir='ltr'><strong>est</strong></span> <span class='ocrx_word' id='word_1_113' title='bbox 1197 1697 1324 1768; x_wconf 83' lang='lat' dir='ltr'><strong>Albion,</strong></span> 
     </span>
     <span class='ocr_line' id='line_1_14' title="bbox 294 1795 1327 1884; baseline -0.003 -21"><span class='ocrx_word' id='word_1_114' title='bbox 294 1799 400 1882; x_wconf 88' lang='lat' dir='ltr'><strong>(Plin.</strong></span> <span class='ocrx_word' id='word_1_115' title='bbox 416 1819 445 1862; x_wconf 89' lang='lat' dir='ltr'><strong>c.</strong></span> <span class='ocrx_word' id='word_1_116' title='bbox 461 1801 503 1876; x_wconf 91' lang='lat' dir='ltr'><strong>l.)</strong></span> <span class='ocrx_word' id='word_1_117' title='bbox 529 1797 663 1861; x_wconf 80' lang='lat' dir='ltr'><strong>Graecia</strong></span> <span class='ocrx_word' id='word_1_118' title='bbox 678 1795 843 1872; x_wconf 63' lang='lat' dir='ltr'><strong>&#39;Aletrium</strong></span> <span class='ocrx_word' id='word_1_119' title='bbox 864 1796 915 1860; x_wconf 88' lang='lat' dir='ltr'><strong>uti</strong></span> <span class='ocrx_word' id='word_1_120' title='bbox 928 1800 1067 1862; x_wconf 88' lang='lat' dir='ltr'><strong>Ptolem.</strong></span> <span class='ocrx_word' id='word_1_121' title='bbox 1086 1819 1118 1876; x_wconf 73' lang='lat' dir='ltr'><strong>a,</strong></span> <span class='ocrx_word' id='word_1_122' title='bbox 1134 1815 1167 1880; x_wconf 82' lang='lat'><strong>3.</strong></span> <span class='ocrx_word' id='word_1_123' title='bbox 1192 1801 1327 1884; x_wconf 79' lang='lat' dir='ltr'><strong>Agathe·</strong></span> 
     </span>
     <span class='ocr_line' id='line_1_15' title="bbox 294 1897 1325 1980; baseline -0.006 -14"><span class='ocrx_word' id='word_1_124' title='bbox 294 1923 376 1968; x_wconf 85' lang='lat' dir='ltr'><strong>mer.</strong></span> <span class='ocrx_word' id='word_1_125' title='bbox 394 1917 428 1972; x_wconf 77' lang='lat' dir='ltr'><strong>a,</strong></span> <span class='ocrx_word' id='word_1_126' title='bbox 444 1913 479 1980; x_wconf 75' lang='lat'><strong>4.</strong></span> <span class='ocrx_word' id='word_1_127' title='bbox 495 1913 527 1960; x_wconf 88' lang='lat' dir='ltr'><strong>et</strong></span> <span class='ocrx_word' id='word_1_128' title='bbox 543 1909 576 1974; x_wconf 80' lang='grc'><strong>8.</strong></span> <span class='ocrx_word' id='word_1_129' title='bbox 602 1898 745 1966; x_wconf 86' lang='lat' dir='ltr'><strong>Euftatb.</strong></span> <span class='ocrx_word' id='word_1_130' title='bbox 767 1920 795 1962; x_wconf 86' lang='lat' dir='ltr'><strong>c.</strong></span> <span class='ocrx_word' id='word_1_131' title='bbox 815 1902 837 1963; x_wconf 89' lang='lat' dir='ltr'><strong>l.</strong></span> <span class='ocrx_word' id='word_1_132' title='bbox 858 1902 911 1962; x_wconf 80' lang='lat' dir='ltr'><strong>rel</strong></span> <span class='ocrx_word' id='word_1_133' title='bbox 930 1897 1086 1978; x_wconf 60' lang='lat' dir='ltr'><strong>&#39;sillium</strong></span> <span class='ocrx_word' id='word_1_134' title='bbox 1111 1917 1148 1964; x_wconf 91' lang='lat' dir='ltr'><strong>ut</strong></span> <span class='ocrx_word' id='word_1_135' title='bbox 1160 1898 1325 1964; x_wconf 87' lang='lat' dir='ltr'><strong>Eustathio</strong></span> 
     </span>
     <span class='ocr_line' id='line_1_16' title="bbox 295 1998 1326 2085; baseline -0.004 -19"><span class='ocrx_word' id='word_1_136' title='bbox 295 2025 324 2070; x_wconf 85' lang='lat' dir='ltr'><strong>c.</strong></span> <span class='ocrx_word' id='word_1_137' title='bbox 341 2005 364 2070; x_wconf 90' lang='lat' dir='ltr'><strong>l.</strong></span> <span class='ocrx_word' id='word_1_138' title='bbox 391 1998 562 2063; x_wconf 83' lang='lat' dir='ltr'><strong>Marciano</strong></span> <span class='ocrx_word' id='word_1_139' title='bbox 580 2020 608 2062; x_wconf 84' lang='lat' dir='ltr'><strong>c.</strong></span> <span class='ocrx_word' id='word_1_140' title='bbox 631 2003 652 2064; x_wconf 91' lang='lat' dir='ltr'><strong>l.</strong></span> <span class='ocrx_word' id='word_1_141' title='bbox 673 2017 707 2062; x_wconf 87' lang='lat' dir='ltr'><strong>et</strong></span> <span class='ocrx_word' id='word_1_142' title='bbox 728 1999 960 2085; x_wconf 83' lang='lat' dir='ltr'><strong>complectitur</strong></span> <span class='ocrx_word' id='word_1_143' title='bbox 980 2003 1014 2064; x_wconf 91' lang='lat' dir='ltr'><strong>h.</strong></span> <span class='ocrx_word' id='word_1_144' title='bbox 1032 2003 1180 2084; x_wconf 80' lang='lat' dir='ltr'><strong>Angliom</strong></span> <span class='ocrx_word' id='word_1_145' title='bbox 1206 2019 1241 2065; x_wconf 90' lang='lat' dir='ltr'><strong>et</strong></span> <span class='ocrx_word' id='word_1_146' title='bbox 1259 2004 1326 2064; x_wconf 77' lang='lat' dir='ltr'><strong>Sco·</strong></span> 
     </span>
     <span class='ocr_line' id='line_1_17' title="bbox 294 2100 1326 2187; baseline -0.005 -20"><span class='ocrx_word' id='word_1_147' title='bbox 294 2107 386 2168; x_wconf 80' lang='lat' dir='ltr'><strong>tiam.</strong></span> <span class='ocrx_word' id='word_1_148' title='bbox 424 2101 627 2183; x_wconf 75' lang='lat' dir='ltr'><strong>Comprobat</strong></span> <span class='ocrx_word' id='word_1_149' title='bbox 646 2102 730 2164; x_wconf 88' lang='lat' dir='ltr'><strong>banc</strong></span> <span class='ocrx_word' id='word_1_150' title='bbox 758 2100 927 2187; x_wconf 87' lang='lat' dir='ltr'><strong>antiquam</strong></span> <span class='ocrx_word' id='word_1_151' title='bbox 949 2103 1206 2187; x_wconf 88' lang='lat' dir='ltr'><strong>adpellationem</strong></span> <span class='ocrx_word' id='word_1_152' title='bbox 1232 2100 1326 2165; x_wconf 87' lang='lat' dir='ltr'><strong>etiam</strong></span> 
     </span>
     <span class='ocr_line' id='line_1_18' title="bbox 293 2197 1325 2285; baseline -0.004 -17"><span class='ocrx_word' id='word_1_153' title='bbox 293 2203 386 2268; x_wconf 82' lang='lat' dir='ltr'><strong>Beda</strong></span> <span class='ocrx_word' id='word_1_154' title='bbox 399 2199 436 2263; x_wconf 89' lang='lat' dir='ltr'><strong>in</strong></span> <span class='ocrx_word' id='word_1_155' title='bbox 451 2199 522 2263; x_wconf 86' lang='lat' dir='ltr'><strong>bist.</strong></span> <span class='ocrx_word' id='word_1_156' title='bbox 535 2197 642 2284; x_wconf 75' lang='lat' dir='ltr'><strong>gentis</strong></span> <span class='ocrx_word' id='word_1_157' title='bbox 655 2204 787 2285; x_wconf 81' lang='lat' dir='ltr'><strong>Anglor.</strong></span> <span class='ocrx_word' id='word_1_158' title='bbox 805 2225 831 2265; x_wconf 87' lang='lat' dir='ltr'><strong>c.</strong></span> <span class='ocrx_word' id='word_1_159' title='bbox 852 2226 878 2266; x_wconf 92' lang='lat' dir='ltr'><strong>t.</strong></span> <span class='ocrx_word' id='word_1_160' title='bbox 903 2221 936 2264; x_wconf 88' lang='lat' dir='ltr'><strong>et</strong></span> <span class='ocrx_word' id='word_1_161' title='bbox 951 2206 992 2265; x_wconf 90' lang='lat' dir='ltr'><strong>tle</strong></span> <span class='ocrx_word' id='word_1_162' title='bbox 1006 2203 1078 2267; x_wconf 83' lang='lat' dir='ltr'><strong>eius</strong></span> <span class='ocrx_word' id='word_1_163' title='bbox 1091 2202 1213 2268; x_wconf 77' lang='lat' dir='ltr'><strong>incolit</strong></span> <span class='ocrx_word' id='word_1_164' title='bbox 1227 2203 1325 2266; x_wconf 77' lang='lat' dir='ltr'><strong>adfert</strong></span> 
     </span>
     <span class='ocr_line' id='line_1_19' title="bbox 294 2301 1323 2390; baseline -0.002 -23"><span class='ocrx_word' id='word_1_165' title='bbox 294 2305 454 2368; x_wconf 80' lang='lat' dir='ltr'><strong>Britones.</strong></span> <span class='ocrx_word' id='word_1_166' title='bbox 486 2303 536 2364; x_wconf 78' lang='lat' dir='ltr'><strong>De</strong></span> <span class='ocrx_word' id='word_1_167' title='bbox 552 2301 647 2368; x_wconf 81' lang='lat' dir='ltr'><strong>causa</strong></span> <span class='ocrx_word' id='word_1_168' title='bbox 663 2301 821 2376; x_wconf 84' lang='lat' dir='ltr'><strong>nominis,</strong></span> <span class='ocrx_word' id='word_1_169' title='bbox 844 2326 944 2390; x_wconf 86' lang='lat' dir='ltr'><strong>quam</strong></span> <span class='ocrx_word' id='word_1_170' title='bbox 960 2303 1119 2368; x_wconf 87' lang='lat' dir='ltr'><strong>incertam</strong></span> <span class='ocrx_word' id='word_1_171' title='bbox 1135 2321 1242 2390; x_wconf 83' lang='lat' dir='ltr'><strong>putat,</strong></span> <span class='ocrx_word' id='word_1_172' title='bbox 1263 2301 1323 2366; x_wconf 81' lang='lat' dir='ltr'><strong>rid.</strong></span> 
     </span>
     <span class='ocr_line' id='line_1_20' title="bbox 296 2399 1325 2491; baseline -0.004 -21"><span class='ocrx_word' id='word_1_173' title='bbox 296 2403 507 2470; x_wconf 75' lang='lat' dir='ltr'><strong>cambdenus</strong></span> <span class='ocrx_word' id='word_1_174' title='bbox 522 2399 558 2464; x_wconf 92' lang='lat' dir='ltr'><strong>in</strong></span> <span class='ocrx_word' id='word_1_175' title='bbox 574 2401 745 2466; x_wconf 80' lang='lat' dir='ltr'><strong>Britannia</strong></span> <span class='ocrx_word' id='word_1_176' title='bbox 763 2407 910 2483; x_wconf 80' lang='lat' dir='ltr'><strong>(Amstel.</strong></span> <span class='ocrx_word' id='word_1_177' title='bbox 932 2409 1057 2488; x_wconf 78' lang='lat'><strong>1646.)</strong></span> <span class='ocrx_word' id='word_1_178' title='bbox 1078 2429 1110 2491; x_wconf 89' lang='lat' dir='ltr'><strong>p.</strong></span> <span class='ocrx_word' id='word_1_179' title='bbox 1132 2431 1186 2470; x_wconf 85' lang='lat' dir='ltr'><strong>ro.</strong></span> <span class='ocrx_word' id='word_1_180' title='bbox 1227 2407 1325 2468; x_wconf 73' lang='lat' dir='ltr'><strong>Multa</strong></span> 
     </span>
     <span class='ocr_line' id='line_1_21' title="bbox 296 2503 1324 2588; baseline -0.004 -18"><span class='ocrx_word' id='word_1_181' title='bbox 296 2503 397 2570; x_wconf 88' lang='lat' dir='ltr'><strong>etiam</strong></span> <span class='ocrx_word' id='word_1_182' title='bbox 413 2503 506 2568; x_wconf 86' lang='lat' dir='ltr'><strong>dabit</strong></span> <span class='ocrx_word' id='word_1_183' title='bbox 517 2505 732 2588; x_wconf 86' lang='lat' dir='ltr'><strong>Macpberson</strong></span> <span class='ocrx_word' id='word_1_184' title='bbox 751 2503 877 2570; x_wconf 83' lang='lat' dir='ltr'><strong>critical</strong></span> <span class='ocrx_word' id='word_1_185' title='bbox 899 2505 1112 2571; x_wconf 79' lang='lat' dir='ltr'><strong>dissertatione</strong></span> <span class='ocrx_word' id='word_1_186' title='bbox 1132 2529 1176 2570; x_wconf 92' lang='lat' dir='ltr'><strong>on</strong></span> <span class='ocrx_word' id='word_1_187' title='bbox 1194 2510 1253 2570; x_wconf 87' lang='lat' dir='ltr'><strong>the</strong></span> <span class='ocrx_word' id='word_1_188' title='bbox 1269 2503 1324 2568; x_wconf 87' lang='lat' dir='ltr'><strong>ori-</strong></span> 
     </span>
     <span class='ocr_line' id='line_1_22' title="bbox 296 2603 1323 2692; baseline -0.001 -23"><span class='ocrx_word' id='word_1_189' title='bbox 296 2605 354 2692; x_wconf 78' lang='lat' dir='ltr'><strong>gin</strong></span> <span class='ocrx_word' id='word_1_190' title='bbox 377 2606 415 2669; x_wconf 86' lang='lat' dir='ltr'><strong>of</strong></span> <span class='ocrx_word' id='word_1_191' title='bbox 435 2607 491 2669; x_wconf 91' lang='lat' dir='ltr'><strong>the</strong></span> <span class='ocrx_word' id='word_1_192' title='bbox 521 2603 655 2668; x_wconf 88' lang='lat' dir='ltr'><strong>ancient</strong></span> <span class='ocrx_word' id='word_1_193' title='bbox 677 2605 914 2682; x_wconf 83' lang='lat' dir='ltr'><strong>Caledonians3</strong></span> <span class='ocrx_word' id='word_1_194' title='bbox 951 2611 1120 2671; x_wconf 70' lang='lat' dir='ltr'><strong>licererell</strong></span> <span class='ocrx_word' id='word_1_195' title='bbox 1140 2613 1187 2673; x_wconf 79' lang='lat' dir='ltr'><strong>les</strong></span> <span class='ocrx_word' id='word_1_196' title='bbox 1211 2607 1323 2670; x_wconf 81' lang='lat' dir='ltr'><strong>delicet</strong></span> 
     </span>
     <span class='ocr_line' id='line_1_23' title="bbox 298 2706 1327 2794; baseline -0.004 -24"><span class='ocrx_word' id='word_1_197' title='bbox 298 2709 339 2770; x_wconf 87' lang='lat' dir='ltr'><strong>de</strong></span> <span class='ocrx_word' id='word_1_198' title='bbox 362 2710 394 2770; x_wconf 88' lang='lat' dir='ltr'><strong>la</strong></span> <span class='ocrx_word' id='word_1_199' title='bbox 418 2707 548 2770; x_wconf 87' lang='lat' dir='ltr'><strong>Grande</strong></span> <span class='ocrx_word' id='word_1_200' title='bbox 568 2709 739 2791; x_wconf 82' lang='lat' dir='ltr'><strong>Brettgue.</strong></span> <span class='ocrx_word' id='word_1_201' title='bbox 766 2707 889 2794; x_wconf 89' lang='lat' dir='ltr'><strong>(Leide</strong></span> <span class='ocrx_word' id='word_1_202' title='bbox 909 2726 1014 2786; x_wconf 88' lang='lat'><strong>1707.</strong></span> <span class='ocrx_word' id='word_1_203' title='bbox 1034 2715 1087 2791; x_wconf 83' lang='lat'><strong>8.)</strong></span> <span class='ocrx_word' id='word_1_204' title='bbox 1138 2713 1270 2774; x_wconf 83' lang='lat' dir='ltr'><strong>Veteres</strong></span> <span class='ocrx_word' id='word_1_205' title='bbox 1290 2706 1327 2768; x_wconf 77' lang='lat' dir='ltr'><strong>al</strong></span> 
     </span>
     <span class='ocr_line' id='line_1_24' title="bbox 295 2806 1327 2896; baseline -0.004 -24"><span class='ocrx_word' id='word_1_206' title='bbox 295 2806 438 2876; x_wconf 77' lang='lat' dir='ltr'><strong>Albiona</strong></span> <span class='ocrx_word' id='word_1_207' title='bbox 457 2807 601 2871; x_wconf 79' lang='lat' dir='ltr'><strong>fabulose</strong></span> <span class='ocrx_word' id='word_1_208' title='bbox 621 2809 814 2872; x_wconf 75' lang='lat' dir='ltr'><strong>referebant</strong></span> <span class='ocrx_word' id='word_1_209' title='bbox 840 2809 904 2895; x_wconf 88' lang='lat' dir='ltr'><strong>(tle</strong></span> <span class='ocrx_word' id='word_1_210' title='bbox 919 2832 985 2896; x_wconf 89' lang='lat' dir='ltr'><strong>quo</strong></span> <span class='ocrx_word' id='word_1_211' title='bbox 1001 2813 1042 2874; x_wconf 87' lang='lat' dir='ltr'><strong>ad</strong></span> <span class='ocrx_word' id='word_1_212' title='bbox 1061 2831 1091 2883; x_wconf 81' lang='lat' dir='ltr'><strong>e,</strong></span> <span class='ocrx_word' id='word_1_213' title='bbox 1107 2825 1141 2892; x_wconf 87' lang='lat'><strong>5,</strong></span> <span class='ocrx_word' id='word_1_214' title='bbox 1156 2816 1214 2891; x_wconf 78' lang='lat'><strong>4.)</strong></span> <span class='ocrx_word' id='word_1_215' title='bbox 1263 2807 1327 2892; x_wconf 88' lang='lat' dir='ltr'><strong>lpse</strong></span> 
     </span>
     <span class='ocr_line' id='line_1_25' title="bbox 297 2903 1328 2993; baseline -0.005 -18"><span class='ocrx_word' id='word_1_216' title='bbox 297 2909 508 2975; x_wconf 77' lang='lat' dir='ltr'><strong>cambdenus</strong></span> <span class='ocrx_word' id='word_1_217' title='bbox 534 2925 630 2992; x_wconf 86' lang='lat' dir='ltr'><strong>putat</strong></span> <span class='ocrx_word' id='word_1_218' title='bbox 654 2930 672 2970; x_wconf 88' lang='lat' dir='ltr'><strong>a</strong></span> <span class='ocrx_word' id='word_1_219' title='bbox 698 2912 753 2974; x_wconf 90' lang='lat' dir='ltr'><strong>Gr.</strong></span> <span class='ocrx_word' id='word_1_220' title='bbox 780 2903 911 2991; x_wconf 77' lang='grc' dir='ltr'>ἇλφον,</span> <span class='ocrx_word' id='word_1_221' title='bbox 947 2911 1074 2975; x_wconf 83' lang='lat' dir='ltr'><strong>Latinis</strong></span> <span class='ocrx_word' id='word_1_222' title='bbox 1106 2915 1219 2975; x_wconf 87' lang='lat' dir='ltr'><strong>album</strong></span> <span class='ocrx_word' id='word_1_223' title='bbox 1246 2905 1328 2993; x_wconf 84' lang='lat' dir='ltr'><strong>apud</strong></span> 
     </span>
     <span class='ocr_line' id='line_1_26' title="bbox 296 3008 1327 3096; baseline -0.004 -21"><span class='ocrx_word' id='word_1_224' title='bbox 296 3011 426 3086; x_wconf 74' lang='lat' dir='ltr'><strong>Festum</strong></span> <span class='ocrx_word' id='word_1_225' title='bbox 449 3011 482 3072; x_wconf 92' lang='lat' dir='ltr'><strong>b.</strong></span> <span class='ocrx_word' id='word_1_226' title='bbox 502 3031 534 3072; x_wconf 85' lang='lat' dir='ltr'><strong>v.</strong></span> <span class='ocrx_word' id='word_1_227' title='bbox 567 3011 609 3072; x_wconf 92' lang='lat' dir='ltr'><strong>ob</strong></span> <span class='ocrx_word' id='word_1_228' title='bbox 636 3031 744 3096; x_wconf 76' lang='lat' dir='ltr'><strong>rupes.</strong></span> <span class='ocrx_word' id='word_1_229' title='bbox 803 3010 949 3096; x_wconf 87' lang='lat' dir='ltr'><strong>Quidam</strong></span> <span class='ocrx_word' id='word_1_230' title='bbox 981 3011 1132 3076; x_wconf 86' lang='lat' dir='ltr'><strong>derivant</strong></span> <span class='ocrx_word' id='word_1_231' title='bbox 1159 3035 1177 3075; x_wconf 87' lang='lat' dir='ltr'><strong>tt</strong></span> <span class='ocrx_word' id='word_1_232' title='bbox 1205 3008 1327 3076; x_wconf 77' lang='lat' dir='ltr'><strong>Celtica</strong></span> 
     </span>
     <span class='ocr_line' id='line_1_27' title="bbox 297 3109 1326 3197; baseline -0.005 -22"><span class='ocrx_word' id='word_1_233' title='bbox 297 3113 321 3180; x_wconf 91' lang='lat' dir='ltr'><strong>s.</strong></span> <span class='ocrx_word' id='word_1_234' title='bbox 343 3109 467 3176; x_wconf 80' lang='lat' dir='ltr'><strong>Gallica</strong></span> <span class='ocrx_word' id='word_1_235' title='bbox 486 3129 570 3172; x_wconf 85' lang='lat' dir='ltr'><strong>voce</strong></span> <span class='ocrx_word' id='word_1_236' title='bbox 590 3109 692 3190; x_wconf 78' lang='lat' dir='ltr'><strong>Atha,</strong></span> <span class='ocrx_word' id='word_1_237' title='bbox 719 3111 808 3174; x_wconf 83' lang='lat' dir='ltr'><strong>unde</strong></span> <span class='ocrx_word' id='word_1_238' title='bbox 829 3114 938 3175; x_wconf 87' lang='lat' dir='ltr'><strong>adhuc</strong></span> <span class='ocrx_word' id='word_1_239' title='bbox 959 3135 1032 3197; x_wconf 88' lang='lat' dir='ltr'><strong>pars</strong></span> <span class='ocrx_word' id='word_1_240' title='bbox 1050 3111 1180 3178; x_wconf 86' lang='lat' dir='ltr'><strong>Scotiae</strong></span> <span class='ocrx_word' id='word_1_241' title='bbox 1202 3112 1326 3176; x_wconf 84' lang='lat' dir='ltr'><strong>dicatur</strong></span> 
     </span>
     <span class='ocr_line' id='line_1_28' title="bbox 297 3209 1322 3298; baseline -0.003 -22"><span class='ocrx_word' id='word_1_242' title='bbox 297 3211 413 3280; x_wconf 80' lang='lat' dir='ltr'><strong>Albaitt</strong></span> <span class='ocrx_word' id='word_1_243' title='bbox 439 3211 462 3276; x_wconf 88' lang='lat' dir='ltr'><strong>s.</strong></span> <span class='ocrx_word' id='word_1_244' title='bbox 488 3209 661 3284; x_wconf 83' lang='lat' dir='ltr'><strong>Allibawn‚</strong></span> <span class='ocrx_word' id='word_1_245' title='bbox 703 3213 744 3275; x_wconf 88' lang='lat' dir='ltr'><strong>de</strong></span> <span class='ocrx_word' id='word_1_246' title='bbox 776 3233 841 3298; x_wconf 91' lang='lat' dir='ltr'><strong>quo</strong></span> <span class='ocrx_word' id='word_1_247' title='bbox 873 3211 942 3275; x_wconf 91' lang='lat' dir='ltr'><strong>Hill</strong></span> <span class='ocrx_word' id='word_1_248' title='bbox 968 3216 1008 3278; x_wconf 86' lang='lat' dir='ltr'><strong>ad</strong></span> <span class='ocrx_word' id='word_1_249' title='bbox 1034 3213 1167 3296; x_wconf 83' lang='lat' dir='ltr'><strong>Dionys.</strong></span> <span class='ocrx_word' id='word_1_250' title='bbox 1191 3239 1224 3278; x_wconf 86' lang='lat' dir='ltr'><strong>v.</strong></span> <span class='ocrx_word' id='word_1_251' title='bbox 1247 3213 1322 3292; x_wconf 81' lang='lat'><strong>566.</strong></span> 
     </span>
    </p>

    <p class='ocr_par' dir='ltr' id='par_1_3' title="bbox 296 3306 1328 3702">
     <span class='ocr_line' id='line_1_29' title="bbox 297 3306 1328 3401; baseline -0.007 -25"><span class='ocrx_word' id='word_1_252' title='bbox 297 3335 330 3400; x_wconf 89' lang='lat' dir='ltr'><strong>p.</strong></span> <span class='ocrx_word' id='word_1_253' title='bbox 351 3323 432 3392; x_wconf 75' lang='lat'><strong>224.</strong></span> <span class='ocrx_word' id='word_1_254' title='bbox 460 3313 583 3391; x_wconf 91' lang='lat' dir='ltr'><strong>(Lond.</strong></span> <span class='ocrx_word' id='word_1_255' title='bbox 605 3311 708 3394; x_wconf 82' lang='lat'><strong>1679.</strong></span> <span class='ocrx_word' id='word_1_256' title='bbox 727 3319 781 3394; x_wconf 78' lang='lat'><strong>8.)</strong></span> <span class='ocrx_word' id='word_1_257' title='bbox 818 3311 968 3377; x_wconf 80' lang='lat' dir='ltr'><strong>Aliorum</strong></span> <span class='ocrx_word' id='word_1_258' title='bbox 991 3313 1164 3401; x_wconf 86' lang='lat' dir='ltr'><strong>opiniones</strong></span> <span class='ocrx_word' id='word_1_259' title='bbox 1187 3306 1328 3394; x_wconf 83' lang='lat' dir='ltr'><strong>conlegit</strong></span> 
     </span>
     <span class='ocr_line' id='line_1_30' title="bbox 296 3411 1325 3502; baseline -0.005 -24"><span class='ocrx_word' id='word_1_260' title='bbox 296 3412 404 3499; x_wconf 78' lang='lat' dir='ltr'><strong>Rapio</strong></span> <span class='ocrx_word' id='word_1_261' title='bbox 426 3414 574 3492; x_wconf 81' lang='lat' dir='ltr'><strong>Thoyras</strong></span> <span class='ocrx_word' id='word_1_262' title='bbox 598 3411 668 3478; x_wconf 80' lang='lat' dir='ltr'><strong>hist.</strong></span> <span class='ocrx_word' id='word_1_263' title='bbox 693 3415 922 3498; x_wconf 81' lang='lat' dir='ltr'><strong>d&#39;Angleterre</strong></span> <span class='ocrx_word' id='word_1_264' title='bbox 943 3419 983 3483; x_wconf 90' lang='lat' dir='ltr'><strong>T.</strong></span> <span class='ocrx_word' id='word_1_265' title='bbox 1006 3441 1034 3481; x_wconf 89' lang='lat' dir='ltr'><strong>t.</strong></span> <span class='ocrx_word' id='word_1_266' title='bbox 1055 3440 1088 3501; x_wconf 88' lang='lat' dir='ltr'><strong>p.</strong></span> <span class='ocrx_word' id='word_1_267' title='bbox 1106 3435 1127 3496; x_wconf 80' lang='lat'>3</span> <span class='ocrx_word' id='word_1_268' title='bbox 1144 3418 1186 3502; x_wconf 90' lang='lat' dir='ltr'><strong>sq.</strong></span> <span class='ocrx_word' id='word_1_269' title='bbox 1240 3414 1325 3478; x_wconf 86' lang='lat' dir='ltr'><strong>Idem</strong></span> 
     </span>
     <span class='ocr_line' id='line_1_31' title="bbox 299 3511 1324 3604; baseline -0.004 -27"><span class='ocrx_word' id='word_1_270' title='bbox 299 3515 397 3580; x_wconf 79' lang='lat' dir='ltr'><strong>etiam</strong></span> <span class='ocrx_word' id='word_1_271' title='bbox 422 3511 580 3600; x_wconf 86' lang='lat' dir='ltr'><strong>praestitit</strong></span> <span class='ocrx_word' id='word_1_272' title='bbox 606 3515 647 3577; x_wconf 89' lang='lat' dir='ltr'><strong>de</strong></span> <span class='ocrx_word' id='word_1_273' title='bbox 668 3513 804 3578; x_wconf 89' lang='lat' dir='ltr'><strong>nomine</strong></span> <span class='ocrx_word' id='word_1_274' title='bbox 824 3513 1032 3590; x_wconf 82' lang='lat' dir='ltr'><strong>Britanniae,</strong></span> <span class='ocrx_word' id='word_1_275' title='bbox 1066 3519 1157 3604; x_wconf 86' lang='lat' dir='ltr'><strong>quod</strong></span> <span class='ocrx_word' id='word_1_276' title='bbox 1182 3515 1324 3603; x_wconf 83' lang='lat' dir='ltr'><strong>plerique</strong></span> 
     </span>
     <span class='ocr_line' id='line_1_32' title="bbox 300 3613 1322 3702; baseline -0.002 -23"><span class='ocrx_word' id='word_1_277' title='bbox 300 3636 377 3680; x_wconf 88' lang='lat' dir='ltr'><strong>cum</strong></span> <span class='ocrx_word' id='word_1_278' title='bbox 397 3613 590 3678; x_wconf 83' lang='lat' dir='ltr'><strong>Cambdetto</strong></span> <span class='ocrx_word' id='word_1_279' title='bbox 611 3637 644 3700; x_wconf 90' lang='lat' dir='ltr'><strong>p.</strong></span> <span class='ocrx_word' id='word_1_280' title='bbox 665 3639 718 3678; x_wconf 85' lang='lat' dir='ltr'><strong>rr.</strong></span> <span class='ocrx_word' id='word_1_281' title='bbox 746 3614 803 3702; x_wconf 91' lang='lat' dir='ltr'><strong>qui</strong></span> <span class='ocrx_word' id='word_1_282' title='bbox 825 3621 927 3681; x_wconf 89' lang='lat' dir='ltr'><strong>multa</strong></span> <span class='ocrx_word' id='word_1_283' title='bbox 945 3620 986 3680; x_wconf 87' lang='lat' dir='ltr'><strong>de</strong></span> <span class='ocrx_word' id='word_1_284' title='bbox 1007 3640 1046 3681; x_wconf 91' lang='lat' dir='ltr'><strong>eo</strong></span> <span class='ocrx_word' id='word_1_285' title='bbox 1064 3617 1201 3691; x_wconf 88' lang='lat' dir='ltr'><strong>adtulit,</strong></span> <span class='ocrx_word' id='word_1_286' title='bbox 1233 3615 1322 3680; x_wconf 85' lang='lat' dir='ltr'><strong>dedu·</strong></span> 
     </span>
    </p>

    <p class='ocr_par' dir='ltr' id='par_1_4' title="bbox 299 3713 1322 3799">
     <span class='ocr_line' id='line_1_33' title="bbox 299 3713 1322 3799; baseline -0.006 -19"><span class='ocrx_word' id='word_1_287' title='bbox 299 3732 380 3780; x_wconf 84' lang='lat' dir='ltr'><strong>cunt</strong></span> <span class='ocrx_word' id='word_1_288' title='bbox 394 3737 412 3778; x_wconf 83' lang='lat' dir='ltr'><strong>a</strong></span> <span class='ocrx_word' id='word_1_289' title='bbox 426 3717 523 3779; x_wconf 80' lang='lat' dir='ltr'><strong>Britst</strong></span> <span class='ocrx_word' id='word_1_290' title='bbox 542 3715 563 3778; x_wconf 90' lang='lat' dir='ltr'><strong>s.</strong></span> <span class='ocrx_word' id='word_1_291' title='bbox 581 3717 658 3778; x_wconf 80' lang='lat' dir='ltr'><strong>Brit</strong></span> <span class='ocrx_word' id='word_1_292' title='bbox 677 3714 699 3779; x_wconf 87' lang='lat' dir='ltr'><strong>i.</strong></span> <span class='ocrx_word' id='word_1_293' title='bbox 716 3738 744 3782; x_wconf 86' lang='lat' dir='ltr'><strong>e.</strong></span> <span class='ocrx_word' id='word_1_294' title='bbox 762 3722 956 3795; x_wconf 82' lang='lat' dir='ltr'><strong>coloratum,</strong></span> <span class='ocrx_word' id='word_1_295' title='bbox 984 3736 1016 3781; x_wconf 90' lang='lat' dir='ltr'><strong>et</strong></span> <span class='ocrx_word' id='word_1_296' title='bbox 1035 3723 1127 3784; x_wconf 82' lang='lat' dir='ltr'><strong>tonia</strong></span> <span class='ocrx_word' id='word_1_297' title='bbox 1144 3718 1165 3781; x_wconf 93' lang='lat' dir='ltr'><strong>i.</strong></span> <span class='ocrx_word' id='word_1_298' title='bbox 1185 3741 1213 3782; x_wconf 88' lang='lat' dir='ltr'><strong>e.</strong></span> <span class='ocrx_word' id='word_1_299' title='bbox 1229 3713 1322 3799; x_wconf 85' lang='lat' dir='ltr'><strong>regio,</strong></span> 
     </span>
    </p>

    <p class='ocr_par' dir='ltr' id='par_1_5' title="bbox 300 3815 1322 3904">
     <span class='ocr_line' id='line_1_34' title="bbox 300 3815 1322 3904; baseline -0.004 -26"><span class='ocrx_word' id='word_1_300' title='bbox 300 3819 387 3902; x_wconf 82' lang='lat' dir='ltr'><strong>quast</strong></span> <span class='ocrx_word' id='word_1_301' title='bbox 402 3815 585 3900; x_wconf 88' lang='lat' dir='ltr'><strong>pictorum,</strong></span> <span class='ocrx_word' id='word_1_302' title='bbox 612 3817 799 3881; x_wconf 84' lang='lat' dir='ltr'><strong>fucatorum</strong></span> <span class='ocrx_word' id='word_1_303' title='bbox 818 3817 993 3882; x_wconf 88' lang='lat' dir='ltr'><strong>hominum</strong></span> <span class='ocrx_word' id='word_1_304' title='bbox 1011 3820 1126 3904; x_wconf 85' lang='lat' dir='ltr'><strong>regio;</strong></span> <span class='ocrx_word' id='word_1_305' title='bbox 1163 3821 1219 3882; x_wconf 90' lang='lat' dir='ltr'><strong>suo</strong></span> <span class='ocrx_word' id='word_1_306' title='bbox 1239 3835 1322 3879; x_wconf 88' lang='lat' dir='ltr'><strong>more</strong></span> 
     </span>
    </p>

    <p class='ocr_par' dir='ltr' id='par_1_6' title="bbox 297 3915 1320 4005">
     <span class='ocr_line' id='line_1_35' title="bbox 297 3915 1320 4005; baseline -0.001 -25"><span class='ocrx_word' id='word_1_307' title='bbox 297 3919 479 3981; x_wconf 86' lang='lat' dir='ltr'><strong>Bochartus</strong></span> <span class='ocrx_word' id='word_1_308' title='bbox 503 3915 539 3978; x_wconf 88' lang='lat' dir='ltr'><strong>in</strong></span> <span class='ocrx_word' id='word_1_309' title='bbox 561 3917 718 3980; x_wconf 83' lang='lat' dir='ltr'><strong>Chanaan</strong></span> <span class='ocrx_word' id='word_1_310' title='bbox 744 3935 853 4000; x_wconf 66' lang='lat'>²⁹59·</span> <span class='ocrx_word' id='word_1_311' title='bbox 889 3924 976 4005; x_wconf 82' lang='lat' dir='ltr'><strong>quast</strong></span> <span class='ocrx_word' id='word_1_312' title='bbox 1000 3923 1106 3984; x_wconf 75' lang='lat' dir='ltr'><strong>Barac</strong></span> <span class='ocrx_word' id='word_1_313' title='bbox 1120 3957 1134 3970; x_wconf 92' lang='lat'><em>-</em></span> <span class='ocrx_word' id='word_1_314' title='bbox 1150 3941 1232 3984; x_wconf 82' lang='lat' dir='ltr'><strong>anae</strong></span> <span class='ocrx_word' id='word_1_315' title='bbox 1253 3916 1274 3986; x_wconf 86' lang='lat' dir='ltr'><strong>i.</strong></span> <span class='ocrx_word' id='word_1_316' title='bbox 1297 3937 1320 3976; x_wconf 84' lang='lat' dir='ltr'><strong>e.</strong></span> 
     </span>
    </p>

    <p class='ocr_par' dir='ltr' id='par_1_7' title="bbox 299 4013 1321 4106">
     <span class='ocr_line' id='line_1_36' title="bbox 299 4013 1321 4106; baseline 0.005 -26"><span class='ocrx_word' id='word_1_317' title='bbox 299 4037 376 4100; x_wconf 80' lang='lat' dir='ltr'><strong>ager</strong></span> <span class='ocrx_word' id='word_1_318' title='bbox 397 4013 499 4079; x_wconf 76' lang='lat' dir='ltr'><strong>stetini</strong></span> <span class='ocrx_word' id='word_1_319' title='bbox 521 4031 553 4079; x_wconf 89' lang='lat' dir='ltr'><strong>et</strong></span> <span class='ocrx_word' id='word_1_320' title='bbox 572 4016 713 4102; x_wconf 87' lang='lat' dir='ltr'><strong>plumbi.</strong></span> <span class='ocrx_word' id='word_1_321' title='bbox 764 4023 814 4082; x_wconf 92' lang='lat' dir='ltr'><strong>De</strong></span> <span class='ocrx_word' id='word_1_322' title='bbox 832 4018 901 4082; x_wconf 86' lang='lat' dir='ltr'><strong>eius</strong></span> <span class='ocrx_word' id='word_1_323' title='bbox 919 4024 977 4084; x_wconf 78' lang='lat' dir='ltr'><strong>situ</strong></span> <span class='ocrx_word' id='word_1_324' title='bbox 997 4020 1135 4106; x_wconf 78' lang='lat' dir='ltr'><strong>aliisque</strong></span> <span class='ocrx_word' id='word_1_325' title='bbox 1152 4021 1220 4106; x_wconf 86' lang='lat' dir='ltr'><strong>post</strong></span> <span class='ocrx_word' id='word_1_326' title='bbox 1232 4017 1321 4085; x_wconf 73' lang='lat' dir='ltr'><strong>Mela,</strong></span> 
     </span>
    </p>

    <p class='ocr_par' dir='ltr' id='par_1_8' title="bbox 298 4113 1318 4191">
     <span class='ocr_line' id='line_1_37' title="bbox 298 4113 1318 4191; baseline -0.002 -9"><span class='ocrx_word' id='word_1_327' title='bbox 298 4113 357 4182; x_wconf 90' lang='lat' dir='ltr'><strong>ubi</strong></span> <span class='ocrx_word' id='word_1_328' title='bbox 372 4115 450 4182; x_wconf 75' lang='lat' dir='ltr'><strong>virle</strong></span> <span class='ocrx_word' id='word_1_329' title='bbox 463 4133 586 4181; x_wconf 83' lang='lat' dir='ltr'><strong>notata.</strong></span> <span class='ocrx_word' id='word_1_330' title='bbox 608 4123 647 4182; x_wconf 90' lang='lat' dir='ltr'><strong>In</strong></span> <span class='ocrx_word' id='word_1_331' title='bbox 662 4118 806 4186; x_wconf 87' lang='lat' dir='ltr'><strong>circuitu</strong></span> <span class='ocrx_word' id='word_1_332' title='bbox 821 4120 1011 4188; x_wconf 87' lang='lat' dir='ltr'><strong>definiendo</strong></span> <span class='ocrx_word' id='word_1_333' title='bbox 1029 4122 1158 4191; x_wconf 78' lang='lat' dir='ltr'><strong>variarat</strong></span> <span class='ocrx_word' id='word_1_334' title='bbox 1175 4137 1318 4187; x_wconf 83' lang='lat' dir='ltr'><strong>auctores.</strong></span> 
     </span>
    </p>
   </div>
   <div class='ocr_carea' id='block_1_3' title="bbox 1174 4265 1184 4300">
    <p class='ocr_par' dir='ltr' id='par_1_9' title="bbox 1174 4265 1184 4300">
     <span class='ocr_line' id='line_1_38' title="bbox 1174 4265 1184 4300; baseline 0 0"><span class='ocrx_word' id='word_1_335' title='bbox 1174 4265 1184 4300; x_wconf 78' lang='lat' dir='ltr'><strong>l</strong></span> 
     </span>
    </p>
   </div>
   <div class='ocr_carea' id='block_1_4' title="bbox 0 0 1362 4896">
    <p class='ocr_par' dir='ltr' id='par_1_10' title="bbox 0 0 1362 4896">
     <span class='ocr_line' id='line_1_39' title="bbox 0 0 1362 4896; baseline 0 0"><span class='ocrx_word' id='word_1_336' title='bbox 0 0 1362 4896; x_wconf 95' lang='lat' dir='ltr'><strong> </strong></span> 
     </span>
    </p>
   </div>
  </div>
 </body>
</html>
