2696 4896
241 333 301 404 104
505 327 668 387 noran
709 326 1013 386 axaoarrcart

244 497 388 563 sonelum
412 500 499 564 illam
524 522 563 564 ex
586 503 653 566 lta
671 503 805 576 venisse,
839 506 1033 588 populorum
1055 504 1204 566 omnium
1225 501 1294 564 mi-

245 604 347 689 gratio
372 603 485 674 docet.
519 619 552 667 et
573 617 650 667 tunc
672 607 710 668 ad
741 607 902 670 Maeotida
927 605 1094 670 consedisse
1118 606 1292 676 videntur,

244 705 300 766 ubi
317 697 409 793 adep»)
424 699 588 796 lirpsipntip
605 708 1066 771 commemoratnraStrabone
1084 725 1138 771 tt.
1152 726 1184 789 p.
1197 717 1292 788 34⁰·

248 805 269 868 s.
289 815 373 887 494.
398 807 466 888 post
485 829 501 868 a
520 808 646 887 Scythia
668 812 768 872 exacti
786 810 988 873 Germaniam
1010 807 1131 879 adiisse,
1163 809 1252 869 unde
1270 827 1292 868 a

246 908 438 990 quibusdam
470 903 705 975 balneariam
736 911 813 974 dicti
847 911 928 974 sunt.
980 910 1031 974 Cs.
1062 909 1222 973 Plutarch.
1251 909 1292 969 in

248 1009 353 1070 Mario
374 1029 399 1072 c.
423 1011 444 1072 l.
498 1011 603 1076 Celtae
623 1015 710 1074 enim
735 1015 785 1076 rel
808 1014 915 1076 Gallos
935 1028 1046 1097 genter
1060 1012 1099 1074 ad
1120 1011 1290 1090 Scythiam

249 1129 350 1192 utque
371 1127 497 1174 vocatae
525 1114 584 1176 elle
608 1115 703 1184 olim.
736 1115 862 1177 testatur
882 1115 1017 1179 Diodor.
1033 1125 1066 1192 5.
1090 1127 1148 1192 32.
1179 1113 1291 1193 quiet

248 1231 304 1274 eor
328 1213 474 1290 Scythiae
498 1217 651 1278 finitimos
673 1214 756 1278 facit.
809 1216 1002 1280 Cimmerios
1024 1215 1153 1278 eaedem
1183 1215 1292 1275 dictor

250 1313 326 1374 inde
342 1328 432 1395 putat
450 1317 579 1397 Spener.
598 1337 629 1398 p.
647 1332 679 1394 5.
696 1339 723 1381 c.
741 1319 762 1382 l.
789 1319 875 1400 qnod
892 1321 923 1380 in
934 1317 1184 1381 cimmeriorum
1200 1313 1290 1376 ledea

250 1413 441 1486 invaserint,
477 1417 732 1501 Cimmeriosque
762 1422 842 1482 adeo
867 1420 1053 1482 Germanica
1079 1417 1170 1500 slirpe
1197 1413 1290 1479 inille

251 1516 430 1579 Leibnitius
451 1519 488 1578 ad
511 1521 612 1583 Tacit.
630 1523 669 1584 de
687 1523 794 1585 Germ.
817 1541 882 1604 cap.
901 1537 959 1600 37.
1011 1519 1130 1584 Contra
1151 1520 1290 1600 Spener.

249 1634 283 1700 p.
302 1633 359 1699 35.
375 1640 400 1682 c.
419 1621 440 1682 Ι.
457 1641 495 1682 ex
511 1622 666 1684 Strabone
681 1625 826 1694 coniicit.
852 1623 1001 1688 Cimbros
1020 1635 1053 1685 et
1068 1621 1239 1682 Teutonoe
1254 1621 1291 1678 in

249 1721 437 1782 Sarmatiam
452 1738 484 1783 et
503 1725 578 1785 inde
596 1726 633 1786 ad
651 1723 804 1787 Maeotim
826 1723 999 1810 progressae
1013 1722 1083 1786 elle.
1124 1724 1173 1784 Eo
1189 1723 1294 1806 igitur

251 1820 357 1896 ducit.
383 1838 422 1884 nt
443 1825 584 1888 reducat.
630 1827 697 1888 atta
720 1827 789 1890 aliia
820 1827 1018 1890 discutienda
1042 1825 1199 1905 relinquo.
1239 1822 1294 1883 Ex

252 1925 403 1986 omnibnr
434 1927 569 1988 minime
597 1925 774 1990 audiendus
806 1927 849 1990 esl
880 1925 1040 1990 Rudbeclt
1072 1928 1106 1988 in
1129 1926 1294 1988 Atlantica

251 2043 318 2107 cap.
342 2042 399 2089 αι.
427 2029 494 2107 qui,
527 2047 564 2088 ex
588 2048 688 2099 more.
719 2027 951 2092 Chersonesum
977 2028 1170 2091 Cimbricam
1194 2026 1295 2087 Scan·

158 2185 163 2188 .
252 2127 398 2187 dinaviae
425 2126 494 2189 suae
523 2129 682 2192 vindicare
709 2147 850 2192 conatur.
905 2131 966 2192 Sed
992 2131 1033 2191 de
1056 2128 1194 2192 Cimbris
1219 2127 1293 2190 vid.

252 2245 331 2308 quae
348 2229 564 2313 conlegerunt,
589 2245 642 2292 aut
664 2230 878 2294 disseruerunt
895 2233 1023 2296 Cluver.
1042 2234 1075 2292 in
1094 2230 1201 2292 Germ.
1222 2241 1294 2290 ant.

257 2345 287 2399 a.
305 2339 338 2407 4.
355 2351 387 2412 p.
404 2344 476 2408 344
488 2329 528 2413 sq.
557 2347 589 2410 3.
611 2347 666 2396 aa.
683 2355 714 2416 p.
728 2347 812 2412 590.
840 2334 991 2397 Cellariue
1006 2339 1039 2393 in
1055 2331 1170 2417 sylloge
1185 2329 1294 2391 diller·

254 2431 366 2493 tation.
384 2443 416 2508 5.
432 2451 463 2492 et
481 2436 513 2497 6.
545 2454 641 2515 «prtem
667 2436 718 2497 vel
737 2439 861 2518 repetit,
887 2436 940 2497 vel
958 2436 1118 2502 emendat.
1147 2434 1200 2494 vel
1220 2430 1294 2492 sub·

253 2531 318 2613 plet
337 2532 514 2596 Ancltersen
538 2535 570 2594 in
589 2536 678 2620 Orig.
698 2539 778 2599 Dan.
803 2537 838 2599 P.
861 2557 889 2600 1.
907 2556 973 2618 cap.
991 2551 1025 2610 7.
1052 2536 1092 2596 de
1107 2535 1188 2596 valle
1203 2535 1294 2593 Deae

253 2633 392 2695 Herthae
416 2655 485 2719 pag.
505 2653 571 2699 aar
590 2634 651 2718 sqq.
678 2638 718 2699 de
738 2637 897 2700 Cimbrica
920 2637 1125 2720 expeditione
1147 2649 1180 2696 et
1202 2634 1293 2696 bello

254 2733 419 2798 Pontanue
442 2739 473 2796 in
496 2737 566 2799 biii.
590 2741 669 2799 Dan.
694 2739 749 2801 lib.
773 2762 800 2800 1.
819 2741 863 2801 in.
892 2751 924 2800 et
946 2741 980 2799 in
1000 2738 1151 2819 peculiari
1180 2735 1293 2798 libello

253 2835 381 2906 Miiller,
406 2838 515 2899 Turici
537 2855 642 2910 1772.
670 2843 726 2922 qui
745 2851 817 2919 214
842 2842 909 2900 loca
925 2853 1071 2902 veterum
1088 2839 1128 2899 de
1144 2857 1183 2900 eo
1205 2837 1293 2899 bello

253 2938 411 3024 conlegit,
444 2960 503 3001 nec
529 2955 634 3002 tamen
658 2945 766 3004 omnia
789 2941 944 3011 exlrnnstt,
978 2955 1015 3001 ut
1037 2941 1130 3002 docet
1151 2938 1290 3023 Aligem.

254 3039 483 3102 weit-Geren.
502 3042 571 3104 Vol.
594 3058 648 3117 17.
671 3045 711 3105 T.
735 3067 763 3111 1.
781 3065 812 3125 p.
835 3057 888 3120 15.
925 3045 973 3102 De
993 3038 1188 3104 Chersoneso
1203 3040 1293 3102 Cim·

254 3139 337 3202 brica
361 3140 480 3204 consuli
502 3143 619 3223 potest,
651 3144 764 3226 liquia
789 3145 879 3226 plura
903 3145 1006 3226 cupit,
1041 3141 1224 3206 Grammina
1251 3140 1293 3201 ad

254 3241 382 3304 Molleri
399 3241 573 3306 Citnbriam
589 3246 743 3308 literatum
764 3247 797 3309 in
814 3243 942 3327 praefat.
959 3245 996 3306 ad
1015 3241 1036 3304 f.
1052 3259 1082 3304 et
1099 3265 1131 3325 p.
1148 3251 1205 3324 34.
1232 3240 1293 3302 nbi

253 3344 400 3405 Taciturn
422 3365 490 3406 eam
515 3346 636 3408 novisse
660 3361 770 3432 negat,
797 3347 928 3429 Spener.
948 3366 1016 3430 pag.
1034 3359 1067 3424 5.
1082 3365 1109 3407 c.
1124 3345 1145 3407 l.
1167 3341 1294 3408 Cimbri

253 3458 377 3515 antem,
407 3459 441 3505 nt
459 3445 527 3517 bic,
558 3447 883 3533 coniunguntnrsere
901 3468 974 3509 cum
994 3447 1172 3525 Teutonir‚
1203 3445 1291 3506 utin

253 3547 313 3609 lul.
332 3545 418 3608 Caes.
436 3547 474 3607 de
489 3547 526 3610 ii.
544 3549 582 3610 G.
602 3567 630 3619 t.
648 3563 707 3630 33.
732 3548 823 3612 Oros.
841 3561 874 3626 5,
897 3551 950 3612 16.
978 3547 1045 3612 Cic.
1062 3566 1119 3631 pro
1131 3547 1167 3610 l...
1179 3544 1290 3610 Manis.

252 3667 320 3730 cap.
340 3663 399 3710 20.
426 3649 538 3710 Tacito
555 3650 670 3712 Histor.
687 3661 721 3730 4,
745 3665 804 3728 73.
834 3648 884 3711 sed
906 3664 938 3711 et
961 3648 1156 3732 separantur,
1187 3649 1293 3709 utilit

253 3748 428 3811 aFloroc.
454 3750 474 3811 l.
510 3751 568 3813 lul.
592 3749 679 3814 Caes.
705 3753 745 3814 de
766 3753 804 3812 B.
829 3751 869 3813 G.
895 3765 928 3824 7.
953 3766 1012 3826 77.
1071 3750 1128 3810 llle
1158 3749 1290 3829 quidem

252 3849 382 3911 alteram
406 3849 500 3913 Marii
520 3853 555 3914 in
573 3851 724 3918 cinno·
747 3853 960 3936 irruptionem
979 3867 1013 3916 et
1034 3851 1156 3914 cladem
1178 3847 1290 3912 diserte

251 3961 420 4016 memorat.
