2748 4888
190 425 245 482 ru
271 421 408 480 roure.
435 423 539 480 uur.
579 415 692 480 Lm.
734 421 813 482 or.
853 422 932 494 Μ.
1039 435 1080 508 ⁸9

59 601 142 661 lateris
160 598 289 660 Munda
305 595 425 668 effluit,
451 597 572 660 Durine
589 613 695 660 autem
712 597 790 660 eirca
808 597 968 670 radicem.
994 597 1028 664 b.
1048 619 1079 666 e.

55 722 85 764 to
100 705 128 762 in
145 701 238 770 loco,
263 701 319 760 ubi
337 701 443 785 egredi
459 700 496 761 ab
509 717 608 782 aequo
624 701 715 764 litore
729 701 763 761 io
779 699 877 762 altum
893 715 1081 784 promonto-

47 805 119 864 rium
136 803 217 864 balis
233 805 361 887 incipit.
393 820 575 866 ruoruuvr.

114 1005 314 1087 Durius)
362 1007 415 1070 Sic
427 1007 550 1069 Plinius
565 1013 598 1090 4,
617 1015 675 1086 34.
692 1002 713 1068 l.
731 1021 789 1070 ao.
807 1005 922 1088 aliique
938 1019 1081 1074 auctore·

43 1109 158 1170 latini.
199 1109 250 1169 Ex
277 1109 403 1170 Graecis
425 1109 535 1170 Strabo
558 1121 590 1186 5.
613 1129 645 1189 p.
669 1119 747 1185 ¹05·
766 1105 787 1168 l.
812 1121 891 1185 150.
914 1107 1080 1198 Δουρείας,

44 1212 103 1278 rei,
124 1226 162 1269 ut
176 1211 276 1272 codd.
291 1211 433 1290 quidam,
453 1213 486 1271 in
501 1213 538 1272 iie
554 1207 696 1274 Moicov.
713 1207 840 1282 habent,
858 1199 1011 1298 (idipsum
1037 1225 1082 1274 at·

43 1325 147 1372 tamen
165 1307 310 1398 Aoupr'or
327 1331 383 1392 per
400 1314 505 1373 credit
522 1332 553 1395 p.
569 1308 679 1374 rimi.
694 1313 774 1375 162.
802 1313 839 1373 ln
853 1311 990 1378 Ptolem.
1003 1329 1036 1384 a,
1047 1325 1082 1392 5.

42 1413 166 1491 Δωρίας
192 1415 332 1480 dicitur.
360 1431 424 1494 quo
440 1415 535 1474 etium
556 1411 664 1474 referri
682 1411 783 1493 potest
799 1407 918 1500 dupino
939 1415 971 1476 iu
993 1417 1082 1500 geni·

41 1517 107 1576 tiro
125 1517 212 1596 apud
230 1515 383 1576 Marcion.
402 1514 524 1576 Heruci.
541 1535 574 1596 p.
590 1525 649 1596 43.
661 1512 761 1577 Hudi.
787 1507 909 1602 Δώριος
924 1517 956 1578 in
976 1517 1083 1582 Dione

41 1631 97 1695 δ’.
122 1630 183 1693 52.
220 1611 338 1702 Δόριος
359 1620 392 1675 in
413 1616 547 1698 Appiani
569 1614 813 1698 Hiip.cap.72.
836 1635 896 1696 90.
941 1617 1083 1680 Priorem
1129 1631 1136 1642 ·

40 1722 133 1780 etiarn
152 1719 293 1800 corripit
308 1717 367 1780 Sil.
383 1717 451 1780 ini.
474 1737 500 1787 ι,
519 1727 604 1796 934.
624 1719 657 1778 in
678 1716 813 1780 Durius.
846 1719 896 1780 De
911 1737 951 1780 eo
966 1719 1006 1780 fic
1020 1719 1084 1781 Pli-

40 1823 110 1881 nius
126 1840 155 1882 c.
181 1821 205 1881 l.
229 1819 359 1880 Durius
379 1821 481 1880 amnis
500 1841 539 1881 ex
563 1819 710 1880 maximis
731 1809 913 1910 Hispaniae
937 1831 1027 1883 orem
1050 1821 1085 1882 in

41 1919 275 1982 Pelendonibus
298 1934 329 1980 et
349 1923 444 1981 iuxta
465 1921 677 1982 Numantiam
698 1913 825 2010 lapsus.
852 1919 922 1980 dein
939 1941 996 2000 per
1010 1923 1085 1982 Are·

39 2043 136 2084 vncos
156 2021 403 2104 Vaccaeosque,
429 2021 658 2083 disterminatis
675 2019 715 2082 ob
731 2019 860 2113 Asturia
878 2020 911 2084 V
910 2019 1083 2095 erroribus,

41 2145 61 2184 ι
86 2121 267 2214 brfitonia
296 2122 467 2191 Gallaecis.
497 2121 540 2183 ibi
558 2143 680 2206 quoque
709 2121 861 2184 Turdulos
885 2143 907 2183 a
929 2123 1085 2186 Bracaris

40 2247 168 2298 urcens,·
196 2245 286 2306 quae
300 2244 338 2285 ex
355 2221 510 2287 Strabone
528 2237 558 2304 3.
576 2245 608 2305 p.
625 2239 704 2286 112.
720 2219 740 2285 i.
762 2225 842 2288 162.
861 2223 900 2286 fic
924 2225 1085 2288 inlustran-

40 2341 105 2390 tur:
131 2328 251 2388 Oritur
275 2329 308 2386 in
325 2327 505 2395 Celtiberia,
523 2327 610 2389 unde
627 2325 828 2388 Pelendonee
846 2324 892 2385 lbi
908 2323 1013 2389 sedem
1032 2303 1086 2388 iru-⁸

40 2428 134 2490 buiiie
169 2429 325 2511 adparet.
368 2429 456 2509 quod
482 2429 649 2490 confirmat
675 2425 739 2509 ipie
765 2427 889 2489 Pliniue
907 2441 938 2504 3.
954 2437 990 2506 4.
1007 2426 1029 2492 l.
1050 2439 1083 2508 3.

41 2531 192 2591 biennert
228 2533 264 2590 in
293 2529 494 2612 Geographie
517 2550 548 2610 p.
573 2549 615 2590 m.
640 2541 722 2604 322.
748 2545 787 2588 ex
820 2528 960 2591 ldubedu
994 2530 1086 2592 ducit

40 2651 136 2714 prope
154 2631 372 2692 Numantiam
389 2627 494 2692 veriuu
513 2629 781 2712 septemtrionem,
800 2629 855 2710 qui
870 2627 1013 2714 superato
1030 2629 1085 2694 illo

41 2749 150 2794 monte
176 2733 218 2792 ad
243 2731 423 2794 Celtiberos
444 2731 654 2815 progreditur.
706 2731 817 2814 Lopez
838 2731 872 2791 in
891 2731 994 2792 tabula
1015 2731 1086 2794 eiua

41 2833 142 2896 iontee
170 2835 208 2894 in
240 2835 407 2914 provincia
433 2833 524 2894 Sorio
549 2833 681 2902 indicet,
716 2833 800 2914 quod
827 2833 983 2894 convenit
1010 2851 1086 2894 cum

41 2953 192 2998 veterum
229 2936 398 2996 notatione
431 2947 462 2996 et
493 2933 696 3003 Ptolemaeo.
735 2936 789 3016 qui
816 2932 861 2994 ibi
886 2933 1085 2996 Pelendones

41 3037 158 3122 poluit.
197 3035 363 3120 Biiiciring
383 3057 414 3117 p.
432 3056 475 3097 ru.
495 3037 528 3098 6.
546 3055 584 3098 eu
606 3035 738 3118 regione
759 3035 938 3126 Salamapca
958 3033 1087 3098 descen·

42 3141 112 3202 dere
133 3139 249 3200 tradit.
285 3139 366 3198 inde
387 3157 462 3198 vero
483 3135 720 3217 praeterlabitur
737 3135 945 3198 Numantiam
966 3149 999 3199 et
1016 3137 1087 3198 Ser·
1171 3167 1176 3183 ·

41 3242 194 3326 gantiam.
219 3235 357 3318 (Strabo
373 3259 401 3301 c.
422 3239 442 3300 l.
466 3237 549 3300 coni.
569 3258 640 3320 pag.
662 3235 779 3314 105.st
800 3241 900 3315 152.)
947 3238 973 3299 A
997 3235 1087 3300 ionte

39 3357 145 3404 autem
170 3340 213 3402 ad
235 3339 311 3412 oiiia
332 3341 568 3424 longitudinem
595 3339 640 3400 ilii
661 3339 771 3400 tribuit
797 3353 891 3418 ¹97⁰
915 3337 1087 3400 stadiorum

39 3443 234 3511 mocimus,
257 3443 279 3504 i.
294 3461 322 3502 e.
341 3443 384 3504 61
405 3442 534 3501 miliaria
549 3439 735 3502 Germanica
752 3439 802 3503 vei
819 3439 924 3522 paullo
940 3441 1087 3522 amplius,

39 3545 125 3627 quod
155 3563 273 3628 parurn
296 3543 453 3624 discrepat
479 3563 495 3602 a
517 3543 732 3604 recentiorum
753 3543 932 3604 notatione.
976 3543 1087 3604 Maxi·

38 3667 123 3706 nrum
146 3659 238 3707 recte
260 3665 277 3704 a
299 3645 407 3706 Plinio
432 3648 537 3705 vocari
559 3643 692 3714 constat,
726 3645 844 3724 quippe
866 3643 920 3724 qui
936 3663 1087 3725 aqrrarum

38 3747 127 3810 mole
148 3747 272 3807 Taium
299 3745 379 3807 adeo
404 3744 541 3828 superat,
576 3745 661 3806 unde
684 3743 861 3806 lieleudiue
884 3744 917 3804 in
939 3748 1086 3827 antiquit.

39 3849 185 3910 Luiitun.
211 3847 270 3908 lib.
289 3865 322 3909 o.
344 3869 375 3929 p.
394 3867 439 3908 m.
457 3861 515 3921 72.
542 3846 596 3923 ubi
620 3847 755 3907 omnino
773 3846 875 3906 multa
893 3845 933 3908 de
951 3867 989 3909 eo
1013 3867 1089 3912 con·

38 3951 138 4036 legit,
179 3969 199 4010 a
228 3947 388 4010 Luiitanie
417 3947 624 4029 proverbium
659 3947 826 4032 vulgatum
858 3943 931 4008 ferri
965 3945 1087 4014 lcribitt

43 4052 153 4132 Tagus
174 4049 256 4111 tolie
274 4040 428 4138 famam,
454 4040 516 4141 secl
536 4049 662 4112 Durius
681 4049 771 4109 vehit
799 4069 911 4132 aqueas.
963 4052 1089 4118 Aurum

39 4157 137 4217 etiam
157 4152 279 4216 vehere
298 4151 430 4234 quidam
446 4165 583 4224 narrant,
609 4163 642 4215 et
657 4151 714 4214 Sil.
731 4149 802 4214 itai.
823 4169 853 4225 r,
872 4159 955 4234 234.
972 4155 1007 4218 iu
1026 4156 1089 4224 hoc
