2696 4896
265 389 329 452 206
534 389 698 452 NOTAE
736 393 1037 452 nxnoatrctn

265 565 384 632 uirides
405 579 439 630 et
459 559 653 634 αἰολὸνωτοι
673 566 757 648 apud
775 565 913 650 Oppirn.
934 571 968 629 in
985 569 1143 654 cyneget.
1164 587 1195 640 ι.
1214 579 1310 649 470.

266 667 426 752 Propertii
448 669 555 730 locum
579 681 725 730 notatum
746 669 800 731 aiii
820 671 859 730 ad
874 668 1020 751 saponem
1041 669 1201 740 raserunt,
1236 689 1311 752 quo

267 771 398 854 capissor
420 770 547 832 rutilare
565 767 722 840 solebant,
748 783 785 830 nt
802 770 846 832 ibi
863 785 952 832 notat
967 771 1141 833 Burmann.
1163 793 1197 854 p.
1216 781 1308 853 344.

267 886 301 937 et
317 891 398 956 quor
414 871 531 934 laudat.
574 871 616 934 Δῑ
636 873 728 952 picta
746 891 844 951 genas
861 873 1035 934 Britannia
1058 873 1139 934 dixit
1157 874 1311 936 Claudia·

129 957 133 970 ’
267 993 330 1038 nur
354 975 393 1037 de
414 974 506 1034 laude
523 972 593 1034 Stis.
610 988 643 1042 2,
659 981 743 1052 248.
764 973 891 1034 coerulei
909 973 1064 1034 Britanni
1087 973 1223 1035 Martias.
1246 995 1307 1044 ιι,

271 1087 330 1156 54.
345 1077 390 1142 in.
412 1087 445 1137 et
466 1073 542 1134 hinc
561 1073 723 1136 Schrader.
746 1074 903 1137 emendat.
920 1093 986 1156 cap.
1003 1093 1037 1154 9.
1057 1097 1089 1158 p.
1113 1087 1192 1148 ¹70·
1213 1075 1310 1136 malit

267 1179 359 1260 picto
380 1176 554 1238 Britannia
574 1174 665 1236 rntstn
687 1193 744 1257 pro
767 1195 872 1246 carru,
902 1178 1059 1238 renitente
1081 1179 1214 1258 quidem
1235 1177 1308 1239 Ou-

269 1277 390 1342 wensio
413 1277 447 1338 in
469 1275 617 1338 noctibur
639 1276 777 1360 Haganio
794 1289 826 1352 3,
849 1287 901 1352 18.
922 1297 952 1359 p.
971 1287 1055 1356 547.
1091 1278 1233 1339 invainit
1250 1279 1310 1339 isse

269 1397 343 1442 moe
363 1396 430 1442 non
447 1379 480 1438 in
502 1378 662 1440 Britannia
685 1375 804 1448 solum,
835 1377 887 1438 sed
911 1391 944 1440 et
962 1379 1096 1440 omnino
1119 1382 1151 1439 in
1171 1379 1309 1442 Celticis

270 1480 417 1566 popusie,
451 1479 492 1542 de
512 1497 576 1560 quo
596 1477 718 1560 prolixe
740 1477 885 1560 exposuit
907 1480 1080 1542 Pesloutier
1103 1481 1136 1540 iu
1157 1479 1228 1542 hisi.
1246 1484 1309 1544 dee

271 1581 379 1646 Celtea
394 1582 435 1644 T.
457 1601 486 1642 r.
508 1600 540 1662 p.
556 1589 779 1660 289—295.
807 1581 857 1640 cui
874 1581 947 1641 addi
967 1581 1067 1663 potest
1081 1581 1249 1665 Boettiger
1272 1585 1310 1642 in

270 1683 401 1747 Nouem
420 1679 582 1744 teutschen
601 1679 732 1742 Merknr
753 1695 858 1760 1792.
879 1681 915 1744 P.
933 1683 966 1745 6.
982 1703 1053 1767 pag.
1076 1693 1141 1766 ¹4⁰
1162 1681 1224 1764 sqq.
1255 1685 1320 1752 De¹

272 1783 368 1848 crusta
389 1783 474 1845 Meia
489 1782 625 1864 aliquid,
649 1783 703 1844 etsr
720 1782 832 1852 dubie,
854 1783 979 1846 adiecit.
1032 1785 1075 1846 Ut
1095 1782 1213 1845 muscae
1232 1785 1311 1846 alia·

271 1905 408 1968 rumque
432 1883 634 1946 bestiolarum
653 1886 735 1946 ictus
757 1882 936 1956 eluderent,
970 1886 1070 1946 credit
1091 1887 1131 1946 de
1151 1885 1253 1946 Pauw
1274 1888 1311 1947 in

236 1975 244 2002 '
271 1987 457 2051 rechercher
474 1984 522 2046 sur
537 1985 583 2048 see
597 1985 789 2048 Americaioe
804 1983 875 2050 sect.
893 2001 926 2048 o.
943 2006 1030 2068 p.m.
1042 1999 1112 2064 203
1124 1985 1185 2067 sqq.
1217 1987 1312 2065 Hey·

272 2107 315 2152 rte
331 2089 418 2149 addit
432 2087 470 2147 ad
487 2087 597 2170 Virgis.
614 2085 731 2170 Georg.
747 2101 780 2156 tt,
801 2107 813 2146 r
827 2099 880 2164 15.
898 2082 1044 2150 uanitatia
1058 2088 1154 2148 etiam
1169 2088 1201 2148 id
1218 2087 1312 2150 causa

274 2185 412 2259 sactum,
439 2186 491 2248 vel
513 2187 639 2248 arcendi
661 2184 813 2270 frigoris.
830 2189 882 2250 vel
901 2185 1066 2250 iniiciendi
1086 2187 1228 2251 hostibue
1246 2203 1311 2251 ter·

273 2291 365 2353 rorie.
399 2283 449 2350 Ci.
467 2285 646 2350 Robertson
662 2288 779 2367 hiiiory
798 2286 835 2349 os
847 2289 989 2351 Amerina
1004 2291 1045 2352 T.
1063 2305 1095 2352 a.
1118 2309 1150 2370 p.
1169 2305 1211 2366 15
1223 2310 1252 2353 r.
1273 2303 1309 2351 et

275 2391 314 2454 ad
333 2407 366 2463 a,
389 2409 418 2461 r.
439 2409 493 2454 ro.
546 2389 704 2460 Ornatur,
728 2390 850 2451 decuria
869 2388 955 2451 causa
972 2391 1123 2452 videntur
1144 2388 1247 2454 seciss'e
1271 2393 1309 2453 in

275 2491 364 2554 storia
378 2491 567 2574 quibusdam
579 2490 807 2554 Britannorum
822 2493 974 2576 coniugee
989 2493 1165 2572 nuruaque.
1181 2493 1222 2554 de
1238 2495 1311 2575 qui·

275 2591 335 2656 bna
351 2593 384 2653 id
405 2587 500 2654 refert
515 2593 598 2656 Plin.
616 2607 674 2662 aa,
693 2607 726 2655 a.
744 2589 765 2655 s.
785 2611 815 2655 t.
844 2595 881 2652 sn
898 2593 1057 2655 Britannis
1071 2594 1208 2655 Silurum
1225 2593 1310 2655 colo·

276 2706 365 2757 ratos
380 2693 510 2776 quidem
527 2693 635 2756 vuitus
652 2705 881 2755 commemorat
899 2693 1030 2755 Tacitus
1044 2696 1076 2754 in
1090 2694 1193 2778 Agric.
1205 2714 1233 2758 c.
1251 2715 1261 2753 ι
1277 2715 1310 2758 ι.

276 2808 308 2856 at
327 2795 415 2877 quod
433 2795 634 2857 indecorum
652 2794 809 2878 originem
830 2793 1028 2876 Hispanicum
1051 2795 1189 2863 evincit.
1212 2795 1247 2856 id
1267 2797 1312 2856 ad

276 2896 418 2961 colorem
442 2915 512 2958 aere
533 2909 565 2958 et
584 2893 646 2958 soie
666 2909 863 2958 contractum
880 2909 912 2957 et
933 2895 971 2956 ad
995 2895 1132 2978 posteros
1156 2915 1313 2980 propaga·

276 3008 346 3058 tum
362 2997 510 3078 pertinet.
548 2995 668 3058 Mirum
687 2998 844 3067 videatur,
868 2997 954 3078 qnod
972 2997 1144 3060 lornander
1157 2997 1196 3059 de
1212 3003 1313 3060 rebus

278 3097 351 3160 Get.
367 3117 433 3179 cap.
450 3113 483 3159 o.
528 3097 647 3160 Melam
670 3098 710 3160 stc
727 3099 852 3160 retusitt
887 3095 937 3160 Ob
957 3095 1095 3160 decorem
1116 3089 1237 3189 nescio,
1264 3121 1312 3160 an

277 3199 374 3260 aliam
400 3195 439 3260 ob
468 3217 530 3258 rem
552 3189 648 3287 ferro
673 3202 812 3279 pingunt
837 3219 979 3279 corpora.
1039 3201 1132 3261 Satrio
1164 3211 1310 3268 notante.

276 3299 365 3365 idern
394 3298 579 3382 comprobat
609 3299 689 3363 Cod.
717 3298 860 3361 Ambros.
896 3313 928 3360 et
959 3298 1040 3362 sorta
1066 3301 1237 3384 legendum
1265 3302 1312 3364 esi

276 3411 440 3481 paragant,
473 3401 560 3481 quod
590 3415 622 3462 et
655 3399 749 3462 habet
781 3401 966 3462 Ammianue
987 3415 1045 3478 31,
1067 3417 1101 3464 Ω.
1137 3401 1157 3460 st
1184 3398 1309 3463 sensum

278 3499 408 3583 spectes.
459 3503 546 3560 Dicit
567 3501 670 3568 enim,
702 3500 913 3592 irrterflt'nctor
937 3499 1025 3563 iuiffe
1050 3501 1150 3564 coiore
1170 3504 1310 3564 eoentsao

278 3621 413 3682 corpora
425 3598 526 3694 fimus
545 3613 576 3662 et
594 3602 702 3662 crines.
753 3603 887 3662 Attum
904 3603 1021 3662 Melam
1036 3615 1108 3664 ante
1125 3604 1236 3665 oculos
1259 3606 1309 3666 ha·

278 3701 401 3773 buerit,
428 3721 488 3765 nec
509 3704 646 3783 pingunt
660 3701 698 3761 ad
716 3697 758 3762 ra*
771 3693 866 3791 ferro
883 3703 1054 3766 commode
1074 3701 1181 3764 referri
1205 3702 1308 3784 posin,

279 3804 338 3864 nist
358 3805 399 3865 de
421 3805 560 3865 tinctura
588 3803 795 3872 intellexerit,
828 3817 1013 3885 corruptum
1035 3804 1097 3865 hoc
1118 3805 1227 3886 potine
1249 3805 1308 3867 esse

280 3905 409 3966 videtur
433 3924 471 3966 er
496 3907 597 3976 vitro,
628 3903 745 3964 librarii
769 3901 942 3968 oscitantia.
1006 3905 1087 3966 Aliae
1106 3905 1247 3985 pingunt
1269 3907 1309 3968 le·

280 4005 366 4066 viori
391 4005 568 4068 mutatione
592 4007 626 4066 in
646 4017 793 4088 prrngnnt
816 4005 982 4067 transverti
1003 4001 1115 4086 posint,
1149 4025 1211 4067 nec
1236 4008 1309 4069 alio·

280 4123 354 4169 rum
376 4105 478 4170 inrita
502 4107 692 4190 narratione.
749 4107 798 4170 sta
821 4107 910 4172 enim
941 4105 1053 4171 diserte
1079 4107 1256 4173 Herodian.
1278 4123 1308 4186 5,
