2748 4888
277 429 319 494 μ
552 415 713 476 uorsa
753 415 1059 474 axacarrcsa

281 613 364 679 pora
377 591 451 674 psas
464 610 559 675 quam
576 579 716 653 hamana
737 603 845 663 narrt,
871 607 920 663 et,
945 589 966 650 sr
985 588 1174 654 senteutiam
1191 587 1332 674 spectes,

282 698 323 759 de
341 695 501 756 Britannis
522 693 634 756 Strabo
649 703 684 772 4.
706 713 778 777 pag.
802 703 881 773 138.
900 691 920 755 s.
940 708 1024 756 200.
1064 693 1136 755 Vid.
1153 693 1270 756 Savaro
1287 692 1332 753 ad

284 797 398 860 Sidon.
418 795 556 877 apollin.
574 813 669 856 carm.
689 807 721 872 5,
740 805 823 874 244.
842 816 873 876 p.
892 809 950 873 50.
977 795 1110 872 Keyeler
1126 795 1159 854 in
1175 796 1327 876 antiquit.

284 898 514 981 septemtrion.
538 917 570 978 p.
586 912 669 958 aar.
698 895 756 956 ubi
778 897 883 977 plures
902 897 942 958 de
959 895 1193 958 Germanorum
1215 915 1328 976 proce·

283 1002 375 1061 ritate
394 1011 554 1061 notantur.
588 999 810 1060 Romanorum
824 993 979 1060 brevitati
996 998 1082 1058 iiiam
1098 999 1328 1080 proceritatem

285 1100 423 1182 obponit
440 1100 551 1183 Vegst.
572 1119 601 1170 r,
624 1118 653 1162 r.
673 1099 784 1168 etalii,
807 1117 888 1180 quos
905 1112 1063 1160 memorat
1081 1097 1221 1160 Meiners
1237 1118 1270 1180 p.
1288 1114 1324 1161 2.

284 1223 312 1265 c.
329 1203 351 1264 l.
371 1215 405 1263 et
420 1201 556 1283 Longos.
572 1201 609 1261 ad
628 1200 732 1261 Taciti
750 1199 859 1262 Germ.
877 1219 943 1282 cap.
959 1209 995 1278 4.
1047 1199 1131 1263 Cum
1152 1200 1236 1282 apud
1260 1199 1328 1260 sio·

283 1322 396 1366 manoe
414 1314 434 1379 5
452 1301 548 1384 pedes
563 1314 596 1363 et
612 1300 703 1363 semis
719 1297 897 1363 sufficerent
919 1301 1055 1386 legendo
1071 1300 1187 1370 militi,
1212 1316 1248 1362 ut
1266 1299 1329 1362 ob·

191 1385 195 1395 ⁸
285 1403 420 1468 servavit
434 1403 542 1466 Cuiac.
559 1401 681 1465 observ.
697 1419 730 1474 2,
747 1415 780 1480 5.
798 1422 867 1464 eam
886 1399 1066 1464 mensuram
1081 1402 1330 1486 egrediebantur

285 1507 448 1569 Germani.
481 1503 625 1566 Omnino
641 1519 760 1574 autem,
778 1503 863 1585 quod
880 1501 961 1566 sorte
978 1517 1077 1565 terror
1094 1505 1191 1583 auxit,
1212 1516 1329 1586 gentes

284 1606 341 1670 sub
362 1606 639 1688 septemtrionibus
660 1607 798 1668 nutritae
817 1605 1014 1667 immanibus
1031 1603 1217 1687 corporibus
1234 1603 1328 1666 suisse

286 1709 364 1772 dicit
380 1711 506 1770 Vitruv.
523 1709 556 1778 6,
579 1728 608 1771 ι.
644 1703 693 1770 Cs.
711 1707 844 1786 Keysser
865 1728 898 1790 p.
915 1723 999 1770 ouo.
1016 1725 1042 1768 c.
1061 1706 1081 1768 s.
1134 1707 1184 1766 De
1202 1705 1329 1768 animo·

284 1831 357 1872 rum
373 1811 572 1870 immanitate
587 1808 696 1870 Vellei.
715 1824 748 1879 a,
771 1809 850 1878 rosi,
870 1825 900 1870 a.
924 1829 999 1888 gens
1019 1797 1329 1896 Germnuaferitate

278 1904 442 2003 ferocior;
477 1911 621 1973 Frontin.
641 1928 672 1980 ι,
692 1928 723 1982 1,
745 1919 779 1986 8.
804 1911 987 1971 immanium
1004 1900 1134 1999 ferocia
1157 1909 1328 1972 nationum

287 2013 327 2076 de
352 2013 534 2076 Germanis.

362 2210 501 2304 vaste)
553 2211 630 2274 Nou
651 2232 690 2275 er
712 2197 840 2298 lege‘et
862 2209 1041 2295 disciplina,
1075 2231 1152 2293 quae
1175 2211 1329 2274 homines

288 2315 433 2385 deceret,
469 2310 520 2374 sed
544 2315 709 2377 incondite
737 2327 768 2377 et
793 2316 902 2398 potius
928 2312 1063 2374 serarum
1090 2332 1196 2384 more,
1230 2323 1330 2394 prout

287 2414 374 2508 vasti
401 2429 433 2476 et
459 2415 594 2507 agrestes
616 2419 797 2500 iunguntur
821 2437 838 2476 a
861 2415 1017 2478 Cicerone
1041 2417 1081 2475 de
1106 2427 1184 2476 orat.
1210 2437 1239 2484 1,
1267 2425 1328 2490 25.

289 2535 315 2580 1.
340 2535 540 2578 ououovrvs
556 2517 633 2580 MS.
684 2517 797 2580 Paullo
813 2516 881 2599 posi
898 2515 1010 2578 Cicero
1029 2517 1197 2601 coniungit
1215 2513 1332 2608 vaafius

289 2630 322 2681 ct
334 2609 475 2707 foedat,
501 2630 535 2680 et
558 2630 591 2696 3,
614 2633 669 2682 12.
692 2617 781 2712 orista
797 2635 830 2682 et
850 2615 971 2712 rrfiice.

364 2815 580 2900 bellando)
630 2819 715 2882 Addi
735 2817 837 2900 potest
856 2837 895 2880 ex
917 2815 1045 2882 Caesare
1068 2817 1108 2880 de
1123 2816 1161 2880 B.
1179 2817 1219 2879 G.
1239 2826 1275 2895 4,
1300 2836 1332 2882 ι.

290 2921 325 2991 6,
344 2934 401 2982 at.
418 2919 580 2990 venarrdo,
606 2919 661 2982 etfi
683 2940 857 3005 repugnare
880 2920 1009 2982 videtur
1031 2920 1132 2980 Tacit.
1155 2922 1192 2994 in
1215 2919 1333 2983 Germ.

289 3040 357 3102 cap.
382 3033 435 3098 ¹5·
462 3022 527 3102 qui,
552 3042 615 3082 aron
638 3022 788 3093 mustum,
823 3022 943 3102 inquit,
969 3017 1149 3090 venatibus,
1175 3021 1249 3102 psus
1273 3041 1338 3100 per·

289 3125 388 3184 otium
406 3125 607 3202 transigunt,
634 3123 689 3202 ubi
706 3142 783 3184 vero
804 3125 903 3184 eiecta
922 3135 1006 3184 recte
1026 3122 1197 3206 negatione
1213 3137 1337 3202 pacem

290 3224 460 3310 componit
476 3223 607 3304 Lipsius,
630 3224 784 3306 probante
801 3225 898 3286 etiam
913 3223 1067 3286 Emesiio.
1119 3223 1255 3284 Animos
1273 3242 1336 3284 au-

290 3337 357 3385 tem
387 3322 535 3384 bellando
559 3327 593 3384 in
615 3326 727 3408 primis
749 3338 914 3396 exercent,
945 3326 994 3386 uti
1018 3338 1129 3386 monet
1150 3327 1176 3386 1.
1199 3323 1335 3386 Grono-

289 3425 363 3487 vius
382 3423 450 3488 MS.
476 3439 513 3486 ut
528 3426 675 3486 dematur
695 3428 800 3489 omnis
817 3441 931 3497 terror,
961 3446 997 3487 ac
1017 3427 1050 3486 in
1066 3424 1182 3486 serrum
1197 3439 1230 3486 et
1246 3428 1335 3507 peri·

290 3527 398 3588 culum
423 3525 575 3589 libentius
595 3529 640 3589 ire
660 3521 788 3611 possint.
842 3530 892 3589 De
915 3525 1071 3590 laboribus
1087 3525 1198 3588 Caesar
1213 3526 1247 3597 6,
1265 3542 1332 3592 αι.

289 3625 331 3689 ab
353 3627 498 3705 parvulis
523 3626 687 3690 sabariae
711 3628 851 3692 duritiae
867 3627 1012 3722 student.
1065 3629 1198 3690 Tacitus
1217 3639 1333 3690 tamen

289 3727 324 3787 in
343 3728 452 3792 Germ.
475 3749 543 3812 cap.
562 3741 598 3808 4.
620 3743 652 3793 et
675 3730 715 3794 de
738 3749 795 3794 eor
830 3727 966 3793 Laboris
988 3741 1085 3814 atque
1109 3749 1236 3812 operum
1262 3749 1333 3791 non

288 3826 397 3890 eadem
421 3833 591 3910 patientia.

363 4029 489 4114 nudi)
540 4035 600 4096 Iul.
626 4034 712 4098 Caes.
728 4055 754 4099 c.
778 4035 800 4099 1.
822 4055 939 4116 magna
954 4035 1094 4116 corporis
1116 4044 1210 4114 parte
1225 4032 1330 4106 nuda

288 4150 364 4195 cum
390 4147 483 4198 autea
509 4136 640 4212 dixerit,
680 4133 811 4223 passibus
837 4149 897 4200 aut
925 4140 1039 4222 parvis
1065 4155 1212 4201 renonum
1238 4147 1330 4218 tegu-
