2748 4888
204 393 257 452 ru
285 392 422 452 nour.
453 389 559 450 nur.
600 391 711 448 Lm.
754 391 832 450 cr.
875 395 953 465 ce.
1064 417 1102 482 ι,

68 568 175 652 potest.
219 566 274 630 ted
306 567 531 652 peregrinum.
565 583 632 628 nou
660 565 700 627 ab
726 567 881 631 Romanii
904 573 1102 656 impolitum,

65 672 111 734 lnl
137 673 317 732 inventum
345 682 378 730 et
407 679 587 751 exceptum.
645 669 810 751 Appianur
838 691 932 752 porro
962 677 1003 738 do
1031 677 1099 742 reb.

62 772 196 855 Hispan.
219 789 291 852 eep.
308 784 366 847 57.
384 785 416 830 et
432 780 489 847 53.
516 769 639 832 Cuneus
660 771 796 852 populos
819 771 930 845 hebet,
962 797 1101 858 qnorum

59 875 171 936 urbem
189 887 290 934 vocet
308 869 520 960 Conisturgim
559 871 601 932 At
619 891 694 932 vero
715 873 812 933 iidem
834 870 921 938 l'uiffe
938 880 1100 953 vitientur,

56 978 111 1057 qui
133 975 231 1038 Conii
244 973 329 1055 apud
345 971 528 1050 Polybium,
547 991 613 1034 non
631 969 733 1034 solum
748 988 877 1057 propter
892 983 1032 1042 nominis
1050 983 1101 1042 acl·

57 1079 236 1146 finitatem,
264 1072 315 1136 led
332 1087 364 1136 et
383 1074 457 1136 lituo
480 1075 691 1136 notationem.
732 1073 783 1138 Cf.
801 1077 959 1142 lllrnnert.
980 1081 1098 1168 Geogr.

57 1199 89 1261 p.
104 1199 152 1240 ru.
170 1187 258 1256 3r4.
291 1177 346 1257 qui
368 1174 451 1236 bene
472 1175 512 1236 de
529 1176 591 1236 hoc
611 1174 768 1257 exposuit.
822 1179 903 1242 Urbe
922 1197 1028 1245 eutem
1048 1187 1101 1248 ille

58 1280 228 1343 Strabonis
250 1291 283 1356 5.
312 1297 384 1362 pag.
401 1291 460 1355 97.
483 1275 503 1337 l.
526 1287 605 1356 rlpr.
628 1273 835 1362 liovr'oropore
866 1281 925 1356 (lic
945 1303 1001 1364 per
1024 1307 1040 1348 ο
1065 1288 1099 1348 in

57 1383 183 1463 penult.
201 1379 286 1442 Cori.
304 1376 424 1454 Molo.)
446 1379 517 1438 ideo
530 1377 589 1440 ess'e
606 1379 748 1448 videtur.
774 1381 859 1460 quod
878 1385 973 1446 etiam
989 1387 1021 1446 in
1038 1387 1101 1450 boc

58 1495 160 1544 tractu
190 1500 295 1564 prope
324 1479 426 1540 Altam
458 1481 551 1560 ponit
574 1493 607 1542 et
632 1475 886 1568 γνωριμωτάτην
913 1487 946 1548 in
970 1487 1100 1553 Celtici·

57 1597 165 1645 vocat.
202 1579 383 1674 Arssorgin
407 1581 491 1640 Livii
510 1593 567 1658 25.
584 1594 641 1656 32,
658 1593 691 1657 5.
716 1581 778 1642 buc
794 1581 914 1646 erceffit
940 1587 1098 1654 ttannerr.

57 1705 89 1768 p.
106 1707 153 1747 m.
174 1697 262 1762 327.
302 1683 458 1743 Atiideru
478 1681 574 1744 Conlr'
608 1683 660 1744 vel
683 1683 782 1744 Carrei
804 1687 990 1749 vixdiverli
1014 1689 1102 1754 inille

58 1787 216 1848 ridentur
243 1803 261 1846 a
292 1781 477 1864 Cynetibus.
511 1783 598 1844 unde
620 1781 743 1848 Voffine
769 1785 864 1849 buinr
888 1791 954 1874 egri
981 1811 1103 1854 nomen

59 1889 194 1950 derivat.
251 1885 389 1966 Nempe,
417 1885 532 1966 inquit,
560 1884 685 1946 Cuneus
700 1908 776 1966 ager
792 1902 824 1948 et
839 1895 1103 1969 promuntorium

60 2003 249 2071 corruptum
269 1987 313 2048 eli
334 2007 372 2048 ex
395 1985 514 2048 Graeco
539 1979 661 2056 litium.
695 1992 785 2050 cuiue
807 1992 930 2054 accolae
953 1995 1105 2056 dicuntur

59 2091 232 2153 Herodoto
255 2083 312 2174 [Ω.
332 2099 390 2167 33.
414 2099 449 2166 4.
466 2083 547 2175 49.]
567 2085 718 2172 llumjnor
733 2106 765 2152 et
779 2085 932 2176 liu'viyree.
970 2095 1104 2177 Cynetor

59 2193 106 2254 issi
130 2191 320 2254 babitabant
343 2192 426 2251 inter
445 2191 574 2252 Secruru
597 2194 854 2270 promuntorium
873 2207 905 2254 ot
924 2197 1023 2256 Anam
1048 2199 1105 2258 llu-

59 2315 152 2364 men,
196 2313 296 2375 quem
331 2292 503 2353 terminum
544 2291 705 2366 Cynetum
744 2291 817 2354 fucit
856 2293 960 2359 llufne
998 2299 1104 2362 Felice

61 2391 199 2484 [brien.
226 2396 260 2454 in
286 2413 340 2454 ora
362 2413 394 2454 v.
420 2383 524 2476 unffi]
547 2404 579 2452 et
600 2389 750 2481 alibi„[v.
771 2391 873 2483 205]
898 2401 972 2459 Ana
999 2401 1105 2461 nnrrrt's

61 2498 127 2558 r'llr‘c
145 2519 204 2574 per
223 2495 366 2577 Cynetas
380 2484 499 2582 efstru'n
526 2505 684 2574 tamqnam
701 2497 722 2556 fi
742 2498 837 2558 etlam
857 2499 990 2579 Cynetes
1006 2501 1105 2582 aliqul

61 2597 158 2660 effent
181 2599 267 2658 ultra
292 2599 410 2664 Anam,
440 2595 524 2676 quod
552 2615 661 2656 verum
684 2597 817 2660 arbitror
839 2618 877 2658 ex
901 2601 1020 2663 lubino
1043 2612 1103 2680 44,

63 2711 95 2779 4,
119 2721 148 2787 ι.
176 2699 234 2758 ubi
259 2699 342 2757 male
363 2699 461 2780 vulgo
483 2697 600 2779 legitur
624 2697 763 2762 Cineres.
797 2695 917 2787 [Nunc
935 2695 1103 2790 Cuperem]

63 2797 228 2863 Voffienae
244 2797 417 2860 sententiae
433 2799 557 2878 pondus
572 2799 718 2860 accedere
735 2801 870 2868 ridetur,
892 2804 979 2882 qnod
992 2803 1104 2865 Strabo

65 2901 271 2965 Conisrorlim
292 2903 325 2960 in
350 2899 479 2962 Celticis
503 2901 607 2982 punit.
672 2898 785 2962 Celtici
808 2903 895 2962 eninr
919 2905 970 2965 vel
995 2905 1104 2966 Celtae

63 3008 212 3066 omnium
234 3001 314 3061 olim
338 3003 371 3060 in
395 3002 521 3082 Europa
543 3001 581 3060 ad
602 2999 747 3063 occasum
769 3003 982 3066 habitantium
1006 3025 1107 3087 popu·

63 3105 166 3166 lorum
186 3103 310 3172 ultimi,
327 3117 476 3182 extraque
494 3104 659 3164 columnae
676 3104 823 3166 Herculio
843 3106 944 3186 politi.
964 3107 1106 3184 Cynelrie

65 3203 364 3274 luerunt'tinitirni,
399 3203 472 3264 telle
496 3205 716 3274 Herodotum
740 3217 797 3282 33.
826 3201 976 3290 Iiunjomt
998 3222 1106 3268 euteru

66 3321 95 3369 et
110 3303 259 3394 Ριύνῃτες
273 3305 370 3367 iirlern
389 3304 473 3374 lunt,
501 3318 535 3363 ut
552 3304 669 3365 constat
685 3326 723 3366 ex
741 3307 902 3388 Stephano
919 3307 938 3368 l.
956 3329 985 3368 v.
1005 3311 1106 3395 liuvp·

63 3405 172 3480 τικόν,
208 3427 306 3488 quem
329 3407 437 3469 locum
454 3405 512 3467 elle
529 3407 605 3466 dicit
624 3404 792 3487 Hispaniae
815 3429 913 3490 prope
929 3409 1104 3480 Oceanum,
1131 3437 1134 3448 ·

61 3509 124 3572 fine
146 3509 250 3571 dubio
280 3508 461 3590 intelligens
482 3507 632 3569 Cuneum
653 3527 776 3591 agrum.
839 3509 929 3571 Clare
952 3513 1047 3572 etiarn
1072 3511 1106 3572 id

62 3612 252 3674 Herodotus
274 3609 315 3671 de
338 3611 461 3691 populis
484 3608 620 3672 telletur.
677 3609 759 3670 Nam
782 3611 834 3690 qui
859 3608 1010 3696 riuvinus
1034 3611 1106 3674 [unt

61 3729 95 3784 Ω,
117 3727 178 3792 33.
206 3705 354 3796 Κύνητες
370 3713 517 3771 dicuntur
531 3728 565 3792 4.
583 3722 644 3790 49.
661 3715 775 3772 eodem
793 3711 851 3771 situ
867 3726 899 3773 et
912 3714 1024 3774 itidem
1040 3713 1105 3776 fere

62 3815 182 3878 verbir.
221 3815 260 3874 ln
282 3813 415 3874 eandem
438 3811 624 3875 sententiam
647 3813 735 3894 plura
760 3815 934 3896 dioputavit
952 3815 1106 3876 Sclrlicbt·

61 3915 147 3978 horll
177 3913 261 3977 iiber
295 3915 359 3976 den
394 3915 559 3976 Wohnsrtz
589 3917 644 3974 der
675 3913 827 3992 Kynelier
861 3915 938 3978 oder
963 3921 1107 3994 Kyneter

61 4037 134 4102 pag.
152 4029 240 4100 419.
271 4017 358 4092 (virt.
386 4015 532 4100 lllaguziu
567 4011 616 4074 tur
650 4012 851 4077 Schullebrer
878 4017 917 4078 T.
939 4035 969 4081 t.
995 4018 1031 4080 P.
1050 4021 1106 4096 n.)

63 4119 171 4204 Quem
207 4119 307 4206 igitur
339 4115 462 4180 caulam
488 4117 631 4179 nomini·
665 4117 754 4178 addit
786 4117 956 4196 Polybius.
999 4119 1107 4204 inepta

698 4217 775 4282 Bo
