<?xml version="1.0" encoding="UTF-8"?>
<!DOCTYPE html PUBLIC "-//W3C//DTD XHTML 1.0 Transitional//EN"
    "http://www.w3.org/TR/xhtml1/DTD/xhtml1-transitional.dtd">
<html xmlns="http://www.w3.org/1999/xhtml" xml:lang="en" lang="en">
 <head>
  <title>
</title>
<meta http-equiv="Content-Type" content="text/html;charset=utf-8" />
  <meta name='ocr-system' content='tesseract 3.04.00' />
  <meta name='ocr-capabilities' content='ocr_page ocr_carea ocr_par ocr_line ocrx_word'/>
</head>
<body>
  <div class='ocr_page' id='page_1' title='image "./pomponiimelaede03melagoog_0359.png"; bbox 0 0 2746 4894; ppageno 0'>
   <div class='ocr_carea' id='block_1_1' title="bbox 154 416 1078 496">
    <p class='ocr_par' dir='ltr' id='par_1_1' title="bbox 154 416 1078 496">
     <span class='ocr_line' id='line_1_1' title="bbox 154 416 1078 496; baseline 0.008 -23"><span class='ocrx_word' id='word_1_1' title='bbox 154 418 207 478; x_wconf 84' lang='lat' dir='ltr'><strong>ru</strong></span> <span class='ocrx_word' id='word_1_2' title='bbox 236 416 370 476; x_wconf 75' lang='lat' dir='ltr'><strong>nour.</strong></span> <span class='ocrx_word' id='word_1_3' title='bbox 400 418 510 477; x_wconf 74' lang='lat' dir='ltr'><strong>uun.</strong></span> <span class='ocrx_word' id='word_1_4' title='bbox 551 419 663 476; x_wconf 73' lang='lat' dir='ltr'><strong>nur.</strong></span> <span class='ocrx_word' id='word_1_5' title='bbox 704 416 839 482; x_wconf 76' lang='lat' dir='ltr'><strong>ertu.</strong></span> <span class='ocrx_word' id='word_1_6' title='bbox 881 418 960 489; x_wconf 80' lang='lat' dir='ltr'><strong>r.7.</strong></span> <span class='ocrx_word' id='word_1_7' title='bbox 1016 433 1078 496; x_wconf 76' lang='lat'><strong>551</strong></span> 
     </span>
    </p>
   </div>
   <div class='ocr_carea' id='block_1_2' title="bbox 30 589 1104 1792">
    <p class='ocr_par' dir='ltr' id='par_1_2' title="bbox 30 589 1104 1792">
     <span class='ocr_line' id='line_1_2' title="bbox 30 589 1077 679; baseline 0 -23"><span class='ocrx_word' id='word_1_8' title='bbox 30 607 166 679; x_wconf 83' lang='lat' dir='ltr'><strong>portum</strong></span> <span class='ocrx_word' id='word_1_9' title='bbox 188 592 365 656; x_wconf 75' lang='lat' dir='ltr'><strong>Ptolemaei</strong></span> <span class='ocrx_word' id='word_1_10' title='bbox 385 612 411 654; x_wconf 87' lang='lat' dir='ltr'><strong>e.</strong></span> <span class='ocrx_word' id='word_1_11' title='bbox 432 592 453 654; x_wconf 91' lang='lat' dir='ltr'><strong>l.</strong></span> <span class='ocrx_word' id='word_1_12' title='bbox 477 589 632 654; x_wconf 76' lang='lat' dir='ltr'><strong>existimat</strong></span> <span class='ocrx_word' id='word_1_13' title='bbox 652 591 755 655; x_wconf 88' lang='lat' dir='ltr'><strong>Bruce</strong></span> <span class='ocrx_word' id='word_1_14' title='bbox 776 589 931 670; x_wconf 81' lang='lat' dir='ltr'><strong>(lleilen)</strong></span> <span class='ocrx_word' id='word_1_15' title='bbox 954 595 1023 658; x_wconf 90' lang='lat' dir='ltr'><strong>Vol.</strong></span> <span class='ocrx_word' id='word_1_16' title='bbox 1048 615 1077 656; x_wconf 89' lang='lat' dir='ltr'><strong>r.</strong></span> 
     </span>
     <span class='ocr_line' id='line_1_3' title="bbox 33 686 1079 783; baseline 0.002 -25"><span class='ocrx_word' id='word_1_17' title='bbox 33 718 66 780; x_wconf 88' lang='lat' dir='ltr'><strong>p.</strong></span> <span class='ocrx_word' id='word_1_18' title='bbox 87 707 176 773; x_wconf 70' lang='lat'><strong>245.</strong></span> <span class='ocrx_word' id='word_1_19' title='bbox 214 697 316 757; x_wconf 80' lang='lat' dir='ltr'><strong>Aliam</strong></span> <span class='ocrx_word' id='word_1_20' title='bbox 340 695 575 756; x_wconf 70' lang='lat' dir='ltr'><strong>dulritltionern</strong></span> <span class='ocrx_word' id='word_1_21' title='bbox 595 695 636 756; x_wconf 86' lang='lat' dir='ltr'><strong>de</strong></span> <span class='ocrx_word' id='word_1_22' title='bbox 653 686 772 783; x_wconf 80' lang='lat' dir='ltr'><strong>Coffit&#39;r</strong></span> <span class='ocrx_word' id='word_1_23' title='bbox 787 709 901 757; x_wconf 83' lang='lat' dir='ltr'><strong>movet</strong></span> <span class='ocrx_word' id='word_1_24' title='bbox 920 695 1079 760; x_wconf 82' lang='lat' dir='ltr'><strong>d&#39;Anville</strong></span> 
     </span>
     <span class='ocr_line' id='line_1_4' title="bbox 33 787 1081 886; baseline 0.001 -27"><span class='ocrx_word' id='word_1_25' title='bbox 33 801 69 859; x_wconf 88' lang='lat' dir='ltr'><strong>in</strong></span> <span class='ocrx_word' id='word_1_26' title='bbox 86 799 266 858; x_wconf 80' lang='lat' dir='ltr'><strong>Memoires</strong></span> <span class='ocrx_word' id='word_1_27' title='bbox 285 795 333 856; x_wconf 83' lang='lat' dir='ltr'><strong>sur</strong></span> <span class='ocrx_word' id='word_1_28' title='bbox 349 797 507 880; x_wconf 81' lang='lat' dir='ltr'><strong>l’Egypte</strong></span> <span class='ocrx_word' id='word_1_29' title='bbox 528 817 560 878; x_wconf 89' lang='lat' dir='ltr'><strong>p.</strong></span> <span class='ocrx_word' id='word_1_30' title='bbox 577 809 661 874; x_wconf 82' lang='lat'><strong>230.</strong></span> <span class='ocrx_word' id='word_1_31' title='bbox 691 796 778 878; x_wconf 86' lang='lat' dir='ltr'><strong>quod</strong></span> <span class='ocrx_word' id='word_1_32' title='bbox 796 787 915 886; x_wconf 77' lang='lat' dir='ltr'><strong>Coffrir</strong></span> <span class='ocrx_word' id='word_1_33' title='bbox 935 810 1081 879; x_wconf 85' lang='lat' dir='ltr'><strong>apertum</strong></span> 
     </span>
     <span class='ocr_line' id='line_1_5' title="bbox 32 889 1080 986; baseline 0.002 -26"><span class='ocrx_word' id='word_1_34' title='bbox 32 900 151 961; x_wconf 81' lang='lat' dir='ltr'><strong>lrabeat</strong></span> <span class='ocrx_word' id='word_1_35' title='bbox 178 913 326 980; x_wconf 82' lang='lat' dir='ltr'><strong>portum,</strong></span> <span class='ocrx_word' id='word_1_36' title='bbox 359 898 407 959; x_wconf 88' lang='lat' dir='ltr'><strong>illi</strong></span> <span class='ocrx_word' id='word_1_37' title='bbox 432 890 534 986; x_wconf 80' lang='grc' dir='ltr'>(μυὸς</span> <span class='ocrx_word' id='word_1_38' title='bbox 556 889 668 984; x_wconf 76' lang='grc' dir='ltr'>ὅρμῳ)</span> <span class='ocrx_word' id='word_1_39' title='bbox 694 897 837 960; x_wconf 84' lang='lat' dir='ltr'><strong>obiectae</strong></span> <span class='ocrx_word' id='word_1_40' title='bbox 870 894 991 960; x_wconf 82' lang='lat' dir='ltr'><strong>fuerint</strong></span> <span class='ocrx_word' id='word_1_41' title='bbox 1018 913 1080 962; x_wconf 86' lang='lat' dir='ltr'><strong>tree</strong></span> 
     </span>
     <span class='ocr_line' id='line_1_6' title="bbox 32 997 1082 1082; baseline -0.001 -20"><span class='ocrx_word' id='word_1_42' title='bbox 32 1001 174 1071; x_wconf 80' lang='lat' dir='ltr'><strong>insulae.</strong></span> <span class='ocrx_word' id='word_1_43' title='bbox 209 1000 259 1062; x_wconf 88' lang='lat' dir='ltr'><strong>uti</strong></span> <span class='ocrx_word' id='word_1_44' title='bbox 282 1015 409 1062; x_wconf 83' lang='lat' dir='ltr'><strong>narrant</strong></span> <span class='ocrx_word' id='word_1_45' title='bbox 434 997 682 1082; x_wconf 79' lang='lat' dir='ltr'>Agatharchides</span> <span class='ocrx_word' id='word_1_46' title='bbox 712 1012 745 1059; x_wconf 85' lang='lat' dir='ltr'><strong>et</strong></span> <span class='ocrx_word' id='word_1_47' title='bbox 768 999 903 1062; x_wconf 90' lang='lat' dir='ltr'><strong>Diodor.</strong></span> <span class='ocrx_word' id='word_1_48' title='bbox 922 1019 967 1061; x_wconf 84' lang='lat' dir='ltr'><strong>cc.</strong></span> <span class='ocrx_word' id='word_1_49' title='bbox 990 1001 1032 1063; x_wconf 83' lang='lat' dir='ltr'><strong>lt·</strong></span> <span class='ocrx_word' id='word_1_50' title='bbox 1047 1015 1082 1062; x_wconf 93' lang='lat' dir='ltr'><strong>et</strong></span> 
     </span>
     <span class='ocr_line' id='line_1_7' title="bbox 36 1099 1081 1184; baseline 0 -20"><span class='ocrx_word' id='word_1_51' title='bbox 36 1103 153 1164; x_wconf 88' lang='lat' dir='ltr'><strong>Strabo</strong></span> <span class='ocrx_word' id='word_1_52' title='bbox 175 1103 229 1163; x_wconf 79' lang='lat'><strong>16.</strong></span> <span class='ocrx_word' id='word_1_53' title='bbox 246 1122 279 1184; x_wconf 87' lang='lat' dir='ltr'><strong>p.</strong></span> <span class='ocrx_word' id='word_1_54' title='bbox 296 1113 379 1180; x_wconf 77' lang='lat'><strong>529.</strong></span> <span class='ocrx_word' id='word_1_55' title='bbox 398 1099 418 1164; x_wconf 86' lang='lat' dir='ltr'><strong>l.</strong></span> <span class='ocrx_word' id='word_1_56' title='bbox 436 1101 520 1179; x_wconf 82' lang='grc'><strong>769.</strong></span> <span class='ocrx_word' id='word_1_57' title='bbox 571 1101 657 1166; x_wconf 87' lang='lat' dir='ltr'><strong>Hinc</strong></span> <span class='ocrx_word' id='word_1_58' title='bbox 670 1101 825 1162; x_wconf 85' lang='lat' dir='ltr'><strong>exillimat</strong></span> <span class='ocrx_word' id='word_1_59' title='bbox 839 1101 938 1164; x_wconf 90' lang='lat' dir='ltr'><strong>hodie</strong></span> <span class='ocrx_word' id='word_1_60' title='bbox 954 1101 999 1162; x_wconf 89' lang='lat' dir='ltr'><strong>ibi</strong></span> <span class='ocrx_word' id='word_1_61' title='bbox 1020 1101 1081 1170; x_wconf 84' lang='lat' dir='ltr'><strong>elle</strong></span> 
     </span>
     <span class='ocr_line' id='line_1_8' title="bbox 36 1196 1082 1294; baseline 0.002 -30"><span class='ocrx_word' id='word_1_62' title='bbox 36 1196 403 1294; x_wconf 78' lang='lat' dir='ltr'><strong>Susarrge-ul·.Badri,</strong></span> <span class='ocrx_word' id='word_1_63' title='bbox 429 1215 463 1265; x_wconf 85' lang='lat' dir='ltr'><strong>et</strong></span> <span class='ocrx_word' id='word_1_64' title='bbox 482 1201 666 1264; x_wconf 87' lang='lat' dir='ltr'><strong>Philoteran</strong></span> <span class='ocrx_word' id='word_1_65' title='bbox 688 1215 818 1284; x_wconf 86' lang='lat' dir='ltr'><strong>portum</strong></span> <span class='ocrx_word' id='word_1_66' title='bbox 837 1203 951 1264; x_wconf 76' lang='lat' dir='ltr'><strong>melius</strong></span> <span class='ocrx_word' id='word_1_67' title='bbox 971 1201 1082 1266; x_wconf 82' lang='lat' dir='ltr'><strong>referri</strong></span> 
     </span>
     <span class='ocr_line' id='line_1_9' title="bbox 36 1293 1104 1393; baseline 0.001 -26"><span class='ocrx_word' id='word_1_68' title='bbox 36 1308 74 1367; x_wconf 83' lang='lat' dir='ltr'><strong>ad</strong></span> <span class='ocrx_word' id='word_1_69' title='bbox 103 1293 237 1393; x_wconf 84' lang='lat' dir='ltr'><strong>Coffeir.</strong></span> <span class='ocrx_word' id='word_1_70' title='bbox 289 1304 363 1366; x_wconf 84' lang='lat' dir='ltr'><strong>vid.</strong></span> <span class='ocrx_word' id='word_1_71' title='bbox 385 1323 455 1388; x_wconf 79' lang='lat' dir='ltr'><strong>pag.</strong></span> <span class='ocrx_word' id='word_1_72' title='bbox 473 1319 558 1380; x_wconf 76' lang='lat'><strong>230.</strong></span> <span class='ocrx_word' id='word_1_73' title='bbox 581 1318 615 1364; x_wconf 90' lang='lat' dir='ltr'><strong>et</strong></span> <span class='ocrx_word' id='word_1_74' title='bbox 638 1318 722 1378; x_wconf 75' lang='lat'><strong>272.</strong></span> <span class='ocrx_word' id='word_1_75' title='bbox 755 1303 907 1364; x_wconf 83' lang='lat' dir='ltr'><strong>Pococlre</strong></span> <span class='ocrx_word' id='word_1_76' title='bbox 930 1306 1029 1366; x_wconf 84' lang='lat' dir='ltr'><strong>Turn.</strong></span> <span class='ocrx_word' id='word_1_77' title='bbox 1048 1322 1080 1368; x_wconf 87' lang='lat'><strong>1.</strong></span> <span class='ocrx_word' id='word_1_78' title='bbox 1099 1335 1104 1358; x_wconf 60' lang='lat' dir='ltr'><strong>i</strong></span> 
     </span>
     <span class='ocr_line' id='line_1_10' title="bbox 35 1397 1083 1494; baseline 0.004 -28"><span class='ocrx_word' id='word_1_79' title='bbox 35 1428 68 1488; x_wconf 89' lang='lat' dir='ltr'><strong>p.</strong></span> <span class='ocrx_word' id='word_1_80' title='bbox 83 1427 130 1468; x_wconf 81' lang='lat' dir='ltr'><strong>m.</strong></span> <span class='ocrx_word' id='word_1_81' title='bbox 154 1415 237 1483; x_wconf 75' lang='lat'><strong>204.</strong></span> <span class='ocrx_word' id='word_1_82' title='bbox 262 1425 335 1466; x_wconf 87' lang='lat' dir='ltr'><strong>cum</strong></span> <span class='ocrx_word' id='word_1_83' title='bbox 355 1397 476 1494; x_wconf 74' lang='lat' dir='ltr'><strong>(loffer&#39;r</strong></span> <span class='ocrx_word' id='word_1_84' title='bbox 497 1404 544 1464; x_wconf 87' lang='lat' dir='ltr'><strong>illi</strong></span> <span class='ocrx_word' id='word_1_85' title='bbox 565 1406 712 1468; x_wconf 79' lang='lat' dir='ltr'><strong>videatur</strong></span> <span class='ocrx_word' id='word_1_86' title='bbox 728 1403 788 1466; x_wconf 88' lang='lat' dir='ltr'><strong>elle</strong></span> <span class='ocrx_word' id='word_1_87' title='bbox 807 1404 972 1476; x_wconf 80' lang='lat' dir='ltr'><strong>Berenice.</strong></span> <span class='ocrx_word' id='word_1_88' title='bbox 999 1399 1083 1493; x_wconf 75' lang='grc' dir='ltr'><strong>μυός</strong></span> 
     </span>
     <span class='ocr_line' id='line_1_11' title="bbox 36 1501 1083 1597; baseline 0.001 -29"><span class='ocrx_word' id='word_1_89' title='bbox 36 1502 139 1594; x_wconf 75' lang='grc' dir='ltr'>ὅρμου</span> <span class='ocrx_word' id='word_1_90' title='bbox 155 1519 245 1588; x_wconf 88' lang='lat' dir='ltr'><strong>putat</strong></span> <span class='ocrx_word' id='word_1_91' title='bbox 261 1506 294 1568; x_wconf 91' lang='lat' dir='ltr'><strong>h.</strong></span> <span class='ocrx_word' id='word_1_92' title='bbox 311 1506 537 1586; x_wconf 79' lang='lat' dir='ltr'><strong>Hamronrgos.</strong></span> <span class='ocrx_word' id='word_1_93' title='bbox 576 1505 611 1570; x_wconf 82' lang='lat' dir='ltr'><em>V</em></span> <span class='ocrx_word' id='word_1_94' title='bbox 610 1507 683 1566; x_wconf 83' lang='lat' dir='ltr'><strong>ieux</strong></span> <span class='ocrx_word' id='word_1_95' title='bbox 701 1501 801 1597; x_wconf 85' lang='lat' dir='ltr'><strong>Coffir</strong></span> <span class='ocrx_word' id='word_1_96' title='bbox 822 1505 918 1569; x_wconf 87' lang='lat' dir='ltr'><strong>habet</strong></span> <span class='ocrx_word' id='word_1_97' title='bbox 941 1505 1083 1572; x_wconf 83' lang='lat' dir='ltr'><strong>Gollelin</strong></span> 
     </span>
     <span class='ocr_line' id='line_1_12' title="bbox 37 1607 1081 1692; baseline 0.002 -22"><span class='ocrx_word' id='word_1_98' title='bbox 37 1609 227 1672; x_wconf 74' lang='lat' dir='ltr'>recherches</span> <span class='ocrx_word' id='word_1_99' title='bbox 250 1607 298 1669; x_wconf 85' lang='lat' dir='ltr'><strong>sur</strong></span> <span class='ocrx_word' id='word_1_100' title='bbox 318 1609 346 1668; x_wconf 86' lang='lat' dir='ltr'><strong>la</strong></span> <span class='ocrx_word' id='word_1_101' title='bbox 369 1607 560 1692; x_wconf 82' lang='lat' dir='ltr'><strong>geographie</strong></span> <span class='ocrx_word' id='word_1_102' title='bbox 581 1609 622 1673; x_wconf 88' lang='lat' dir='ltr'><strong>T.</strong></span> <span class='ocrx_word' id='word_1_103' title='bbox 640 1625 673 1674; x_wconf 69' lang='grc' dir='ltr'><strong>Ω.</strong></span> <span class='ocrx_word' id='word_1_104' title='bbox 697 1629 730 1692; x_wconf 87' lang='lat' dir='ltr'><strong>p.</strong></span> <span class='ocrx_word' id='word_1_105' title='bbox 749 1623 833 1684; x_wconf 75' lang='lat'><strong>272.</strong></span> <span class='ocrx_word' id='word_1_106' title='bbox 854 1620 888 1671; x_wconf 83' lang='lat' dir='ltr'><strong>et</strong></span> <span class='ocrx_word' id='word_1_107' title='bbox 899 1607 1081 1673; x_wconf 71' lang='lat' dir='ltr'><strong>Philoton·</strong></span> 
     </span>
     <span class='ocr_line' id='line_1_13' title="bbox 35 1707 432 1792; baseline 0.003 -20"><span class='ocrx_word' id='word_1_108' title='bbox 35 1707 236 1792; x_wconf 81' lang='lat' dir='ltr'><strong>port-blanc</strong></span> <span class='ocrx_word' id='word_1_109' title='bbox 257 1709 432 1773; x_wconf 77' lang='lat' dir='ltr'><strong>d&#39;duville.</strong></span> 
     </span>
    </p>
   </div>
   <div class='ocr_carea' id='block_1_3' title="bbox 35 1905 1084 2908">
    <p class='ocr_par' dir='ltr' id='par_1_3' title="bbox 35 1905 1084 2908">
     <span class='ocr_line' id='line_1_14' title="bbox 115 1905 1081 2003; baseline 0.003 -27"><span class='ocrx_word' id='word_1_110' title='bbox 115 1909 274 1976; x_wconf 82' lang='lat' dir='ltr'><strong>Coloba</strong></span> <span class='ocrx_word' id='word_1_111' title='bbox 281 1911 300 1994; x_wconf 88' lang='lat'><em>)</em></span> <span class='ocrx_word' id='word_1_112' title='bbox 334 1913 540 1975; x_wconf 72' lang='lat' dir='ltr'><strong>Ptolemaeus</strong></span> <span class='ocrx_word' id='word_1_113' title='bbox 557 1913 607 1992; x_wconf 76' lang='grc'><strong>[4,</strong></span> <span class='ocrx_word' id='word_1_114' title='bbox 628 1917 679 1995; x_wconf 90' lang='grc'><strong>7.]</strong></span> <span class='ocrx_word' id='word_1_115' title='bbox 702 1907 865 1990; x_wconf 74' lang='grc' dir='ltr'>Κολοβιῗιν</span> <span class='ocrx_word' id='word_1_116' title='bbox 881 1905 954 2002; x_wconf 74' lang='grc' dir='ltr'><strong>ὅρος</strong></span> <span class='ocrx_word' id='word_1_117' title='bbox 969 1905 1081 2003; x_wconf 72' lang='grc' dir='ltr'><strong>ἄκρον.</strong></span> 
     </span>
     <span class='ocr_line' id='line_1_15' title="bbox 38 2011 1083 2100; baseline 0 -22"><span class='ocrx_word' id='word_1_118' title='bbox 38 2013 176 2079; x_wconf 64' lang='lat' dir='ltr'><strong>Conana·</strong></span> <span class='ocrx_word' id='word_1_119' title='bbox 198 2035 311 2075; x_wconf 86' lang='lat' dir='ltr'><strong>verum</strong></span> <span class='ocrx_word' id='word_1_120' title='bbox 330 2014 427 2076; x_wconf 80' lang='lat' dir='ltr'><strong>huius</strong></span> <span class='ocrx_word' id='word_1_121' title='bbox 445 2015 549 2100; x_wconf 85' lang='lat' dir='ltr'><strong>gentle</strong></span> <span class='ocrx_word' id='word_1_122' title='bbox 566 2011 628 2075; x_wconf 84' lang='lat' dir='ltr'><strong>fuit</strong></span> <span class='ocrx_word' id='word_1_123' title='bbox 644 2034 784 2088; x_wconf 68' lang='lat' dir='ltr'><strong>nomem</strong></span> <span class='ocrx_word' id='word_1_124' title='bbox 819 2014 870 2077; x_wconf 82' lang='lat' dir='ltr'><strong>sed</strong></span> <span class='ocrx_word' id='word_1_125' title='bbox 887 2018 959 2098; x_wconf 87' lang='lat' dir='ltr'><strong>quia</strong></span> <span class='ocrx_word' id='word_1_126' title='bbox 978 2035 998 2078; x_wconf 91' lang='lat' dir='ltr'><strong>e</strong></span> <span class='ocrx_word' id='word_1_127' title='bbox 1013 2037 1083 2078; x_wconf 84' lang='lat' dir='ltr'><strong>ver·</strong></span> 
     </span>
     <span class='ocr_line' id='line_1_16' title="bbox 35 2107 1081 2201; baseline 0.003 -23"><span class='ocrx_word' id='word_1_128' title='bbox 35 2135 160 2201; x_wconf 81' lang='lat' dir='ltr'><strong>por-nur</strong></span> <span class='ocrx_word' id='word_1_129' title='bbox 184 2129 274 2178; x_wconf 84' lang='lat' dir='ltr'><strong>erant</strong></span> <span class='ocrx_word' id='word_1_130' title='bbox 296 2135 431 2200; x_wconf 75' lang='lat' dir='ltr'><strong>genere,</strong></span> <span class='ocrx_word' id='word_1_131' title='bbox 467 2116 578 2177; x_wconf 84' lang='lat' dir='ltr'><strong>Graeci</strong></span> <span class='ocrx_word' id='word_1_132' title='bbox 599 2136 653 2179; x_wconf 88' lang='lat' dir='ltr'><strong>eoe</strong></span> <span class='ocrx_word' id='word_1_133' title='bbox 674 2107 851 2193; x_wconf 71' lang='grc' dir='ltr'>Κολοβοῦς</span> <span class='ocrx_word' id='word_1_134' title='bbox 873 2117 1081 2201; x_wconf 79' lang='lat' dir='ltr'><strong>adpellarunt.</strong></span> 
     </span>
     <span class='ocr_line' id='line_1_17' title="bbox 37 2215 1082 2300; baseline 0.001 -20"><span class='ocrx_word' id='word_1_135' title='bbox 37 2239 191 2282; x_wconf 79' lang='lat' dir='ltr'><strong>voesrve.</strong></span> <span class='ocrx_word' id='word_1_136' title='bbox 255 2215 367 2279; x_wconf 84' lang='lat' dir='ltr'><strong>Golobr&#39;</strong></span> <span class='ocrx_word' id='word_1_137' title='bbox 391 2219 454 2278; x_wconf 85' lang='lat' dir='ltr'><strong>huc</strong></span> <span class='ocrx_word' id='word_1_138' title='bbox 479 2219 658 2298; x_wconf 83' lang='lat' dir='ltr'><strong>pertinent.</strong></span> <span class='ocrx_word' id='word_1_139' title='bbox 698 2219 755 2300; x_wconf 87' lang='lat' dir='ltr'><strong>qui</strong></span> <span class='ocrx_word' id='word_1_140' title='bbox 781 2218 861 2280; x_wconf 91' lang='lat' dir='ltr'><strong>illud</strong></span> <span class='ocrx_word' id='word_1_141' title='bbox 889 2219 1082 2291; x_wconf 82' lang='lat' dir='ltr'><strong>accolebant,</strong></span> 
     </span>
     <span class='ocr_line' id='line_1_18' title="bbox 38 2317 1082 2403; baseline 0.002 -21"><span class='ocrx_word' id='word_1_142' title='bbox 38 2320 123 2402; x_wconf 80' lang='lat' dir='ltr'><strong>apud</strong></span> <span class='ocrx_word' id='word_1_143' title='bbox 139 2319 282 2381; x_wconf 84' lang='lat' dir='ltr'><strong>Ptolem.</strong></span> <span class='ocrx_word' id='word_1_144' title='bbox 298 2339 325 2381; x_wconf 89' lang='lat' dir='ltr'><strong>c.</strong></span> <span class='ocrx_word' id='word_1_145' title='bbox 340 2319 362 2379; x_wconf 92' lang='lat' dir='ltr'><strong>l.</strong></span> <span class='ocrx_word' id='word_1_146' title='bbox 384 2317 423 2380; x_wconf 82' lang='lat' dir='ltr'><strong>ci.</strong></span> <span class='ocrx_word' id='word_1_147' title='bbox 442 2333 474 2379; x_wconf 91' lang='lat' dir='ltr'><strong>et</strong></span> <span class='ocrx_word' id='word_1_148' title='bbox 487 2319 600 2380; x_wconf 86' lang='lat' dir='ltr'><strong>Strabo</strong></span> <span class='ocrx_word' id='word_1_149' title='bbox 623 2320 677 2382; x_wconf 75' lang='lat'><strong>16.</strong></span> <span class='ocrx_word' id='word_1_150' title='bbox 692 2341 724 2402; x_wconf 93' lang='lat' dir='ltr'><strong>p.</strong></span> <span class='ocrx_word' id='word_1_151' title='bbox 737 2332 822 2400; x_wconf 78' lang='lat'><strong>551.</strong></span> <span class='ocrx_word' id='word_1_152' title='bbox 833 2319 854 2384; x_wconf 83' lang='lat' dir='ltr'><strong>l.</strong></span> <span class='ocrx_word' id='word_1_153' title='bbox 866 2335 951 2400; x_wconf 80' lang='lat'><strong>773.</strong></span> <span class='ocrx_word' id='word_1_154' title='bbox 976 2341 1082 2403; x_wconf 88' lang='lat' dir='ltr'><strong>neque</strong></span> 
     </span>
     <span class='ocr_line' id='line_1_19' title="bbox 38 2418 1083 2504; baseline 0 -20"><span class='ocrx_word' id='word_1_155' title='bbox 38 2441 123 2504; x_wconf 79' lang='lat' dir='ltr'><strong>opus</strong></span> <span class='ocrx_word' id='word_1_156' title='bbox 138 2421 182 2481; x_wconf 86' lang='lat' dir='ltr'><strong>ett</strong></span> <span class='ocrx_word' id='word_1_157' title='bbox 198 2421 237 2482; x_wconf 84' lang='lat' dir='ltr'><strong>ad</strong></span> <span class='ocrx_word' id='word_1_158' title='bbox 255 2418 426 2492; x_wconf 84' lang='lat' dir='ltr'><strong>Coloenos,</strong></span> <span class='ocrx_word' id='word_1_159' title='bbox 451 2440 530 2501; x_wconf 84' lang='lat' dir='ltr'><strong>quoe</strong></span> <span class='ocrx_word' id='word_1_160' title='bbox 547 2442 612 2482; x_wconf 92' lang='lat' dir='ltr'><strong>non</strong></span> <span class='ocrx_word' id='word_1_161' title='bbox 635 2423 765 2494; x_wconf 88' lang='lat' dir='ltr'><strong>inveni,</strong></span> <span class='ocrx_word' id='word_1_162' title='bbox 790 2442 967 2494; x_wconf 84' lang='lat' dir='ltr'><strong>recurrere,</strong></span> <span class='ocrx_word' id='word_1_163' title='bbox 994 2423 1083 2484; x_wconf 77' lang='lat' dir='ltr'><strong>etsie</strong></span> 
     </span>
     <span class='ocr_line' id='line_1_20' title="bbox 43 2521 1084 2606; baseline -0.002 -20"><span class='ocrx_word' id='word_1_164' title='bbox 43 2523 143 2586; x_wconf 85' lang='lat' dir='ltr'><strong>Coloe</strong></span> <span class='ocrx_word' id='word_1_165' title='bbox 156 2523 209 2582; x_wconf 83' lang='lat' dir='ltr'><strong>vel</strong></span> <span class='ocrx_word' id='word_1_166' title='bbox 224 2521 312 2592; x_wconf 85' lang='lat' dir='ltr'><strong>urbe,</strong></span> <span class='ocrx_word' id='word_1_167' title='bbox 338 2522 391 2582; x_wconf 82' lang='lat' dir='ltr'><strong>vel</strong></span> <span class='ocrx_word' id='word_1_168' title='bbox 413 2523 537 2603; x_wconf 87' lang='lat' dir='ltr'><strong>palude,</strong></span> <span class='ocrx_word' id='word_1_169' title='bbox 564 2521 652 2584; x_wconf 87' lang='lat' dir='ltr'><strong>unde</strong></span> <span class='ocrx_word' id='word_1_170' title='bbox 666 2523 796 2606; x_wconf 77' lang='lat' dir='ltr'><strong>Astapus</strong></span> <span class='ocrx_word' id='word_1_171' title='bbox 812 2524 941 2596; x_wconf 85' lang='lat' dir='ltr'><strong>fluebat,</strong></span> <span class='ocrx_word' id='word_1_172' title='bbox 966 2523 1084 2586; x_wconf 83' lang='lat' dir='ltr'><strong>deduci</strong></span> 
     </span>
     <span class='ocr_line' id='line_1_21' title="bbox 39 2622 1084 2708; baseline 0.003 -23"><span class='ocrx_word' id='word_1_173' title='bbox 39 2625 183 2708; x_wconf 88' lang='lat' dir='ltr'><strong>pollunt.</strong></span> <span class='ocrx_word' id='word_1_174' title='bbox 225 2622 389 2684; x_wconf 88' lang='lat' dir='ltr'><strong>Praeterea</strong></span> <span class='ocrx_word' id='word_1_175' title='bbox 403 2624 506 2685; x_wconf 88' lang='lat' dir='ltr'><strong>Coloe</strong></span> <span class='ocrx_word' id='word_1_176' title='bbox 520 2623 558 2684; x_wconf 87' lang='lat' dir='ltr'><strong>ab</strong></span> <span class='ocrx_word' id='word_1_177' title='bbox 574 2623 636 2684; x_wconf 82' lang='lat' dir='ltr'><strong>hoe</strong></span> <span class='ocrx_word' id='word_1_178' title='bbox 649 2626 871 2705; x_wconf 88' lang='lat' dir='ltr'><strong>promontorio</strong></span> <span class='ocrx_word' id='word_1_179' title='bbox 887 2624 1084 2708; x_wconf 86' lang='lat' dir='ltr'><strong>aliquantum</strong></span> 
     </span>
     <span class='ocr_line' id='line_1_22' title="bbox 39 2723 1084 2806; baseline 0.003 -20"><span class='ocrx_word' id='word_1_180' title='bbox 39 2726 166 2794; x_wconf 86' lang='lat' dir='ltr'><strong>aberat,</strong></span> <span class='ocrx_word' id='word_1_181' title='bbox 194 2723 245 2784; x_wconf 82' lang='lat' dir='ltr'><strong>uti</strong></span> <span class='ocrx_word' id='word_1_182' title='bbox 260 2725 388 2806; x_wconf 76' lang='lat' dir='ltr'><strong>adparet</strong></span> <span class='ocrx_word' id='word_1_183' title='bbox 407 2745 445 2788; x_wconf 82' lang='lat' dir='ltr'><strong>err</strong></span> <span class='ocrx_word' id='word_1_184' title='bbox 461 2725 647 2788; x_wconf 80' lang='lat' dir='ltr'><strong>Ptolemaeo</strong></span> <span class='ocrx_word' id='word_1_185' title='bbox 663 2734 699 2805; x_wconf 76' lang='grc'><strong>4,</strong></span> <span class='ocrx_word' id='word_1_186' title='bbox 716 2738 750 2804; x_wconf 82' lang='lat'><strong>8.</strong></span> <span class='ocrx_word' id='word_1_187' title='bbox 802 2725 853 2790; x_wconf 80' lang='lat' dir='ltr'><strong>Cf.</strong></span> <span class='ocrx_word' id='word_1_188' title='bbox 871 2728 967 2790; x_wconf 86' lang='lat' dir='ltr'><strong>etiam</strong></span> <span class='ocrx_word' id='word_1_189' title='bbox 983 2726 1084 2789; x_wconf 79' lang='lat' dir='ltr'><strong>Arria·</strong></span> 
     </span>
     <span class='ocr_line' id='line_1_23' title="bbox 38 2827 350 2908; baseline 0 -18"><span class='ocrx_word' id='word_1_190' title='bbox 38 2847 102 2890; x_wconf 88' lang='lat' dir='ltr'><strong>nue</strong></span> <span class='ocrx_word' id='word_1_191' title='bbox 119 2829 155 2888; x_wconf 90' lang='lat' dir='ltr'><strong>in</strong></span> <span class='ocrx_word' id='word_1_192' title='bbox 175 2827 296 2908; x_wconf 82' lang='lat' dir='ltr'><strong>periplo</strong></span> <span class='ocrx_word' id='word_1_193' title='bbox 317 2845 350 2908; x_wconf 87' lang='lat' dir='ltr'><strong>p.</strong></span> 
     </span>
    </p>
   </div>
   <div class='ocr_carea' id='block_1_4' title="bbox 40 3023 1086 4228">
    <p class='ocr_par' dir='ltr' id='par_1_4' title="bbox 40 3023 1086 4228">
     <span class='ocr_line' id='line_1_24' title="bbox 117 3023 1086 3110; baseline 0.001 -20"><span class='ocrx_word' id='word_1_194' title='bbox 117 3025 388 3110; x_wconf 79' lang='lat' dir='ltr'><strong>Philoteris)</strong></span> <span class='ocrx_word' id='word_1_195' title='bbox 438 3028 587 3091; x_wconf 78' lang='lat' dir='ltr'><strong>Straboni</strong></span> <span class='ocrx_word' id='word_1_196' title='bbox 606 3027 662 3092; x_wconf 89' lang='lat'><strong>16.</strong></span> <span class='ocrx_word' id='word_1_197' title='bbox 684 3047 716 3110; x_wconf 89' lang='lat' dir='ltr'><strong>p.</strong></span> <span class='ocrx_word' id='word_1_198' title='bbox 735 3037 820 3108; x_wconf 73' lang='lat'><strong>529.</strong></span> <span class='ocrx_word' id='word_1_199' title='bbox 843 3026 865 3090; x_wconf 85' lang='lat' dir='ltr'><strong>l.</strong></span> <span class='ocrx_word' id='word_1_200' title='bbox 882 3030 967 3110; x_wconf 89' lang='lat'><strong>769.</strong></span> <span class='ocrx_word' id='word_1_201' title='bbox 989 3023 1086 3092; x_wconf 71' lang='grc' dir='ltr'>Φιλο·</span> 
     </span>
     <span class='ocr_line' id='line_1_25' title="bbox 41 3126 1083 3218; baseline 0.003 -26"><span class='ocrx_word' id='word_1_202' title='bbox 41 3127 142 3218; x_wconf 67' lang='grc' dir='ltr'><em>τέρα,</em></span> <span class='ocrx_word' id='word_1_203' title='bbox 168 3130 217 3190; x_wconf 89' lang='lat' dir='ltr'><strong>uti</strong></span> <span class='ocrx_word' id='word_1_204' title='bbox 236 3129 405 3191; x_wconf 77' lang='lat' dir='ltr'><strong>Philotera</strong></span> <span class='ocrx_word' id='word_1_205' title='bbox 419 3130 525 3192; x_wconf 86' lang='lat' dir='ltr'><strong>Plinio</strong></span> <span class='ocrx_word' id='word_1_206' title='bbox 543 3128 575 3201; x_wconf 80' lang='lat'><strong>6,</strong></span> <span class='ocrx_word' id='word_1_207' title='bbox 593 3143 651 3210; x_wconf 71' lang='lat'><strong>35.</strong></span> <span class='ocrx_word' id='word_1_208' title='bbox 669 3126 693 3192; x_wconf 87' lang='lat' dir='ltr'><strong>l.</strong></span> <span class='ocrx_word' id='word_1_209' title='bbox 710 3147 768 3208; x_wconf 75' lang='lat'><strong>29.</strong></span> <span class='ocrx_word' id='word_1_210' title='bbox 804 3129 985 3212; x_wconf 82' lang='lat' dir='ltr'><strong>Stephanae</strong></span> <span class='ocrx_word' id='word_1_211' title='bbox 998 3130 1030 3195; x_wconf 91' lang='lat' dir='ltr'><strong>h.</strong></span> <span class='ocrx_word' id='word_1_212' title='bbox 1048 3151 1083 3196; x_wconf 84' lang='lat' dir='ltr'><strong>v.</strong></span> 
     </span>
     <span class='ocr_line' id='line_1_26' title="bbox 40 3226 1086 3318; baseline -0.001 -23"><span class='ocrx_word' id='word_1_213' title='bbox 40 3236 141 3296; x_wconf 86' lang='lat' dir='ltr'><strong>etiam</strong></span> <span class='ocrx_word' id='word_1_214' title='bbox 163 3231 258 3293; x_wconf 84' lang='lat' dir='ltr'><strong>habet</strong></span> <span class='ocrx_word' id='word_1_215' title='bbox 275 3226 463 3318; x_wconf 76' lang='grc' dir='ltr'><strong>Φιλωτὲρα,</strong></span> <span class='ocrx_word' id='word_1_216' title='bbox 489 3233 576 3293; x_wconf 81' lang='lat' dir='ltr'><strong>addit</strong></span> <span class='ocrx_word' id='word_1_217' title='bbox 591 3243 697 3293; x_wconf 88' lang='lat' dir='ltr'><strong>tamen</strong></span> <span class='ocrx_word' id='word_1_218' title='bbox 713 3251 751 3292; x_wconf 84' lang='lat' dir='ltr'><strong>ex</strong></span> <span class='ocrx_word' id='word_1_219' title='bbox 766 3230 965 3313; x_wconf 84' lang='lat' dir='ltr'><strong>Apollodoro</strong></span> <span class='ocrx_word' id='word_1_220' title='bbox 979 3227 1086 3295; x_wconf 83' lang='grc' dir='ltr'>Φιλω·</span> 
     </span>
     <span class='ocr_line' id='line_1_27' title="bbox 40 3327 1082 3424; baseline 0 -27"><span class='ocrx_word' id='word_1_221' title='bbox 40 3327 151 3424; x_wconf 78' lang='grc' dir='ltr'><em>τερὶς,</em></span> <span class='ocrx_word' id='word_1_222' title='bbox 173 3353 210 3396; x_wconf 86' lang='lat' dir='ltr'><strong>ex</strong></span> <span class='ocrx_word' id='word_1_223' title='bbox 226 3351 290 3414; x_wconf 89' lang='lat' dir='ltr'><strong>quo</strong></span> <span class='ocrx_word' id='word_1_224' title='bbox 307 3331 412 3400; x_wconf 87' lang='lat' dir='ltr'><strong>Melae</strong></span> <span class='ocrx_word' id='word_1_225' title='bbox 429 3333 613 3395; x_wconf 86' lang='lat' dir='ltr'><strong>terminatio</strong></span> <span class='ocrx_word' id='word_1_226' title='bbox 628 3335 843 3396; x_wconf 79' lang='lat' dir='ltr'><strong>confirmatur.</strong></span> <span class='ocrx_word' id='word_1_227' title='bbox 878 3333 1082 3397; x_wconf 81' lang='lat' dir='ltr'><strong>Ptolemaeua</strong></span> 
     </span>
     <span class='ocr_line' id='line_1_28' title="bbox 41 3428 1083 3522; baseline -0.001 -25"><span class='ocrx_word' id='word_1_228' title='bbox 41 3447 76 3518; x_wconf 82' lang='grc'><strong>4,</strong></span> <span class='ocrx_word' id='word_1_229' title='bbox 98 3449 134 3513; x_wconf 87' lang='grc'><strong>5.</strong></span> <span class='ocrx_word' id='word_1_230' title='bbox 155 3434 263 3498; x_wconf 64' lang='lat' dir='ltr'><strong>‚habet</strong></span> <span class='ocrx_word' id='word_1_231' title='bbox 291 3446 415 3495; x_wconf 85' lang='lat' dir='ltr'><strong>tantum</strong></span> <span class='ocrx_word' id='word_1_232' title='bbox 441 3431 626 3522; x_wconf 76' lang='grc' dir='ltr'><strong>Φιλωτὲρας</strong></span> <span class='ocrx_word' id='word_1_233' title='bbox 649 3428 758 3522; x_wconf 68' lang='grc' dir='ltr'><strong>λιμήν.</strong></span> <span class='ocrx_word' id='word_1_234' title='bbox 817 3435 947 3516; x_wconf 78' lang='lat' dir='ltr'><strong>Reliqui</strong></span> <span class='ocrx_word' id='word_1_235' title='bbox 969 3433 1083 3498; x_wconf 86' lang='lat' dir='ltr'><strong>urbem</strong></span> 
     </span>
     <span class='ocr_line' id='line_1_29' title="bbox 41 3533 1084 3620; baseline -0.004 -20"><span class='ocrx_word' id='word_1_236' title='bbox 41 3537 167 3600; x_wconf 78' lang='lat' dir='ltr'><strong>iaciunt</strong></span> <span class='ocrx_word' id='word_1_237' title='bbox 190 3541 226 3596; x_wconf 91' lang='lat' dir='ltr'><strong>in</strong></span> <span class='ocrx_word' id='word_1_238' title='bbox 250 3535 523 3619; x_wconf 81' lang='lat' dir='ltr'><strong>Troglodytarum</strong></span> <span class='ocrx_word' id='word_1_239' title='bbox 550 3554 621 3607; x_wconf 82' lang='lat' dir='ltr'><strong>ora,</strong></span> <span class='ocrx_word' id='word_1_240' title='bbox 662 3555 740 3616; x_wconf 86' lang='lat' dir='ltr'><strong>quae</strong></span> <span class='ocrx_word' id='word_1_241' title='bbox 764 3533 804 3597; x_wconf 85' lang='lat' dir='ltr'><strong>lic</strong></span> <span class='ocrx_word' id='word_1_242' title='bbox 829 3550 926 3620; x_wconf 88' lang='lat' dir='ltr'><strong>portu</strong></span> <span class='ocrx_word' id='word_1_243' title='bbox 948 3534 1010 3596; x_wconf 80' lang='lat' dir='ltr'><strong>fuit</strong></span> <span class='ocrx_word' id='word_1_244' title='bbox 1035 3539 1084 3596; x_wconf 89' lang='lat' dir='ltr'><strong>in·</strong></span> 
     </span>
     <span class='ocr_line' id='line_1_30' title="bbox 41 3635 1084 3702; baseline -0.003 -1"><span class='ocrx_word' id='word_1_245' title='bbox 41 3639 168 3702; x_wconf 86' lang='lat' dir='ltr'><strong>llructa.</strong></span> <span class='ocrx_word' id='word_1_246' title='bbox 204 3637 313 3699; x_wconf 88' lang='lat' dir='ltr'><strong>Plinio</strong></span> <span class='ocrx_word' id='word_1_247' title='bbox 335 3635 410 3698; x_wconf 87' lang='lat' dir='ltr'><strong>telle</strong></span> <span class='ocrx_word' id='word_1_248' title='bbox 430 3637 541 3699; x_wconf 78' lang='lat' dir='ltr'><strong>eadem</strong></span> <span class='ocrx_word' id='word_1_249' title='bbox 558 3635 598 3697; x_wconf 91' lang='lat' dir='ltr'><strong>ab</strong></span> <span class='ocrx_word' id='word_1_250' title='bbox 614 3636 684 3700; x_wconf 83' lang='lat' dir='ltr'><strong>aliie</strong></span> <span class='ocrx_word' id='word_1_251' title='bbox 702 3651 812 3700; x_wconf 84' lang='lat' dir='ltr'><strong>vocata</strong></span> <span class='ocrx_word' id='word_1_252' title='bbox 832 3640 928 3699; x_wconf 87' lang='lat' dir='ltr'><strong>etiam</strong></span> <span class='ocrx_word' id='word_1_253' title='bbox 945 3636 989 3700; x_wconf 86' lang='lat' dir='ltr'><strong>est</strong></span> <span class='ocrx_word' id='word_1_254' title='bbox 1003 3642 1084 3700; x_wconf 74' lang='lat' dir='ltr'><strong>Adu-</strong></span> 
     </span>
     <span class='ocr_line' id='line_1_31' title="bbox 42 3736 1085 3821; baseline -0.003 -17"><span class='ocrx_word' id='word_1_255' title='bbox 42 3763 130 3804; x_wconf 82' lang='lat' dir='ltr'><strong>num.</strong></span> <span class='ocrx_word' id='word_1_256' title='bbox 170 3740 260 3821; x_wconf 84' lang='lat' dir='ltr'><strong>Opue</strong></span> <span class='ocrx_word' id='word_1_257' title='bbox 275 3736 336 3800; x_wconf 84' lang='lat' dir='ltr'><strong>fuit</strong></span> <span class='ocrx_word' id='word_1_258' title='bbox 350 3739 460 3816; x_wconf 79' lang='lat' dir='ltr'><strong>Satyri,</strong></span> <span class='ocrx_word' id='word_1_259' title='bbox 478 3737 611 3818; x_wconf 82' lang='lat' dir='ltr'><strong>(Strabo</strong></span> <span class='ocrx_word' id='word_1_260' title='bbox 626 3751 659 3800; x_wconf 89' lang='lat' dir='ltr'><strong>et</strong></span> <span class='ocrx_word' id='word_1_261' title='bbox 674 3739 871 3821; x_wconf 73' lang='lat' dir='ltr'><strong>Stephanus)</strong></span> <span class='ocrx_word' id='word_1_262' title='bbox 894 3757 990 3821; x_wconf 83' lang='lat' dir='ltr'><strong>quem</strong></span> <span class='ocrx_word' id='word_1_263' title='bbox 1009 3739 1085 3801; x_wconf 85' lang='lat' dir='ltr'><strong>Pro-</strong></span> 
     </span>
     <span class='ocr_line' id='line_1_32' title="bbox 40 3837 1085 3925; baseline -0.001 -22"><span class='ocrx_word' id='word_1_264' title='bbox 40 3845 183 3906; x_wconf 85' lang='lat' dir='ltr'><strong>lemaeue</strong></span> <span class='ocrx_word' id='word_1_265' title='bbox 204 3838 431 3920; x_wconf 72' lang='lat' dir='ltr'><strong>Philadelphus</strong></span> <span class='ocrx_word' id='word_1_266' title='bbox 452 3841 490 3900; x_wconf 89' lang='lat' dir='ltr'><strong>ad</strong></span> <span class='ocrx_word' id='word_1_267' title='bbox 508 3837 760 3922; x_wconf 82' lang='lat' dir='ltr'><strong>perscrutandam</strong></span> <span class='ocrx_word' id='word_1_268' title='bbox 775 3840 1036 3925; x_wconf 83' lang='lat' dir='ltr'><strong>Troglodytieam</strong></span> <span class='ocrx_word' id='word_1_269' title='bbox 1051 3853 1085 3904; x_wconf 87' lang='lat' dir='ltr'><strong>et</strong></span> 
     </span>
     <span class='ocr_line' id='line_1_33' title="bbox 42 3939 1084 4028; baseline -0.003 -21"><span class='ocrx_word' id='word_1_270' title='bbox 42 3945 292 4028; x_wconf 81' lang='lat' dir='ltr'><strong>elephantorum</strong></span> <span class='ocrx_word' id='word_1_271' title='bbox 307 3941 514 4003; x_wconf 81' lang='lat' dir='ltr'><strong>venationem</strong></span> <span class='ocrx_word' id='word_1_272' title='bbox 531 3939 673 4012; x_wconf 83' lang='lat' dir='ltr'><strong>miserat,</strong></span> <span class='ocrx_word' id='word_1_273' title='bbox 696 3960 880 4023; x_wconf 89' lang='lat' dir='ltr'><strong>nomenque</strong></span> <span class='ocrx_word' id='word_1_274' title='bbox 897 3940 1084 4026; x_wconf 86' lang='lat' dir='ltr'><strong>impolitum</strong></span> 
     </span>
     <span class='ocr_line' id='line_1_34' title="bbox 42 4040 1085 4120; baseline -0.003 -11"><span class='ocrx_word' id='word_1_275' title='bbox 42 4047 83 4109; x_wconf 82' lang='lat' dir='ltr'><strong>ab</strong></span> <span class='ocrx_word' id='word_1_276' title='bbox 115 4046 211 4107; x_wconf 78' lang='lat' dir='ltr'><strong>altera</strong></span> <span class='ocrx_word' id='word_1_277' title='bbox 236 4041 412 4104; x_wconf 87' lang='lat' dir='ltr'><strong>Ptolemaei</strong></span> <span class='ocrx_word' id='word_1_278' title='bbox 437 4040 551 4105; x_wconf 83' lang='lat' dir='ltr'><strong>sorore.</strong></span> <span class='ocrx_word' id='word_1_279' title='bbox 580 4041 714 4120; x_wconf 80' lang='lat' dir='ltr'><strong>(Strabo</strong></span> <span class='ocrx_word' id='word_1_280' title='bbox 733 4063 760 4105; x_wconf 89' lang='lat' dir='ltr'><strong>c.</strong></span> <span class='ocrx_word' id='word_1_281' title='bbox 781 4041 822 4118; x_wconf 94' lang='lat' dir='ltr'><strong>l.)</strong></span> <span class='ocrx_word' id='word_1_282' title='bbox 883 4043 934 4104; x_wconf 91' lang='lat' dir='ltr'><strong>De</strong></span> <span class='ocrx_word' id='word_1_283' title='bbox 960 4042 1019 4103; x_wconf 82' lang='lat' dir='ltr'><strong>fitu</strong></span> <span class='ocrx_word' id='word_1_284' title='bbox 1044 4045 1085 4106; x_wconf 86' lang='lat' dir='ltr'><strong>ad</strong></span> 
     </span>
     <span class='ocr_line' id='line_1_35' title="bbox 42 4143 1084 4228; baseline -0.004 -16"><span class='ocrx_word' id='word_1_285' title='bbox 42 4151 150 4216; x_wconf 81' lang='lat' dir='ltr'><strong>finum</strong></span> <span class='ocrx_word' id='word_1_286' title='bbox 164 4145 338 4212; x_wconf 78' lang='lat' dir='ltr'><strong>Arabicum</strong></span> <span class='ocrx_word' id='word_1_287' title='bbox 352 4161 451 4208; x_wconf 82' lang='lat' dir='ltr'><strong>neruo</strong></span> <span class='ocrx_word' id='word_1_288' title='bbox 465 4143 588 4207; x_wconf 86' lang='lat' dir='ltr'><strong>dubitat</strong></span> <span class='ocrx_word' id='word_1_289' title='bbox 596 4163 607 4219; x_wconf 70' lang='grc' dir='ltr'><strong>ς</strong></span> <span class='ocrx_word' id='word_1_290' title='bbox 640 4157 671 4207; x_wconf 86' lang='lat' dir='ltr'><strong>at</strong></span> <span class='ocrx_word' id='word_1_291' title='bbox 688 4144 724 4206; x_wconf 88' lang='lat' dir='ltr'><strong>in</strong></span> <span class='ocrx_word' id='word_1_292' title='bbox 744 4145 856 4208; x_wconf 85' lang='lat' dir='ltr'><strong>ordine</strong></span> <span class='ocrx_word' id='word_1_293' title='bbox 875 4143 961 4218; x_wconf 78' lang='lat' dir='ltr'><strong>litut,</strong></span> <span class='ocrx_word' id='word_1_294' title='bbox 985 4165 1084 4228; x_wconf 89' lang='lat' dir='ltr'><strong>quem</strong></span> 
     </span>
    </p>
   </div>
   <div class='ocr_carea' id='block_1_5' title="bbox 0 0 1390 4894">
    <p class='ocr_par' dir='ltr' id='par_1_5' title="bbox 0 0 1390 4894">
     <span class='ocr_line' id='line_1_36' title="bbox 0 0 1390 4894; baseline 0 0"><span class='ocrx_word' id='word_1_295' title='bbox 0 0 1390 4894; x_wconf 95' lang='lat' dir='ltr'><strong> </strong></span> 
     </span>
    </p>
   </div>
  </div>
 </body>
</html>
