2746 4894
290 423 353 496 aaa
560 409 722 470 norae
762 409 1067 469 axaaarrcra

366 583 461 684 east
475 583 552 670 ra)
601 583 679 648 Non
705 605 763 668 per
788 605 918 672 aggerea
945 599 1097 655 terrenos.
1131 585 1185 651 sed
1206 589 1320 676 ligneot

291 691 411 764 valioa.
434 710 491 772 per
505 707 586 771 quoa
601 687 750 772 adparere
770 687 896 771 poffeat
910 687 944 749 hi
961 690 1052 775 ignee
1066 691 1148 762 iilia.
1175 693 1229 774 qui
1242 707 1321 756 extra

292 792 376 857 itant.
407 811 477 854 rac.
495 809 692 854 oaouorrva
707 787 784 853 Mo.
811 827 814 838 ·

365 994 520 1077 maius)
570 993 704 1057 Dulcior
722 1005 756 1056 et
770 994 1039 1080 magnificentior,
1065 1017 1163 1078 quam
1182 996 1256 1060 ioiet
1270 997 1321 1059 hu·

290 1117 423 1162 manum
447 1099 615 1159 artificium
634 1099 740 1160 edere.
776 1116 877 1160 roan.
929 1099 1029 1160 Recte
1049 1089 1158 1161 adiicit
1175 1101 1321 1171 humanit.

290 1205 365 1283 quia
387 1201 427 1261 fic
445 1221 484 1262 ex
505 1201 660 1282 opinione
684 1214 830 1262 veterum
852 1200 908 1260 Dii
931 1196 1031 1262 adeffe
1050 1213 1083 1260 et
1105 1201 1222 1285 degere
1243 1203 1322 1264 vide·

290 1301 417 1365 bantur.
468 1301 585 1364 Omnia
606 1301 692 1364 enim
714 1302 749 1362 in
772 1301 860 1370 Dua.
886 1302 1014 1384 quando
1036 1303 1243 1384 adpetebant.
1266 1324 1322 1364 ma·

290 1399 376 1474 iota,
410 1416 444 1466 et
457 1403 491 1464 in
508 1404 597 1464 omni
621 1402 751 1474 habitu,
783 1402 871 1488 gestu
889 1404 1047 1488 figniaque
1063 1405 1274 1467 eminentiora
1294 1419 1322 1466 et

292 1507 516 1570 excellentiora
536 1503 596 1566 eise
618 1505 790 1590 fingebant.
845 1503 969 1567 Notum
990 1504 1051 1577 eit,
1078 1507 1197 1568 clamor
1221 1507 1322 1570 Martia

291 1621 428 1692 quantus
451 1604 601 1668 fueritin
626 1607 771 1670 Homero
787 1606 822 1668 11.
844 1618 877 1686 5,
895 1608 980 1684 860.
1003 1619 1036 1667 et
1053 1607 1200 1691 Neptuni
1219 1609 1253 1670 li.
1273 1617 1320 1690 14,

297 1719 379 1790 148.
400 1685 464 1772 'Ad
479 1709 599 1770 Panem
615 1723 723 1770 autem
739 1709 808 1770 talia
824 1707 1015 1778 referuntur.
1042 1729 1139 1792 quern
1160 1705 1321 1798 oupi<orro

291 1812 401 1874 audire
423 1808 454 1874 ie
477 1811 630 1894 putabant
650 1811 689 1872 ad
715 1809 897 1872 Maenalum
923 1812 1066 1874 Arcades.
1107 1813 1182 1876 Vid.
1202 1811 1321 1874 Fauian.

293 1925 327 1994 8,
352 1913 410 1990 36.
456 1911 525 1974 Nec
548 1913 631 1997 ignia
652 1911 691 1973 ab
717 1931 757 1974 eo
783 1913 920 1982 alienae.
957 1933 1054 1994 quem
1077 1913 1180 1974 iidem
1201 1915 1234 1974 in
1259 1915 1321 1975 eiua

290 2016 415 2096 templo
446 2028 640 2096 perpetuum
664 2013 799 2078 alebant.
851 2013 922 2076 vid.
947 2013 1076 2077 Pauian.
1093 2035 1120 2076 c.
1139 2015 1161 2076 Ι.
1185 2035 1250 2098 cap.
1268 2030 1319 2094 57.

291 2117 520 2194 Voxereporrt
544 2117 619 2178 aliae
646 2117 686 2178 de
708 2119 803 2178 armia
828 2116 954 2179 dicitur.
994 2117 1067 2177 Viri.
1091 2117 1265 2180 Burmann.
1286 2119 1318 2176 ad

291 2218 391 2308 Ouid.
416 2217 549 2280 Metam.
572 2231 626 2297 15,
645 2228 729 2296 784.
760 2216 810 2280 sed
834 2232 867 2278 et
887 2217 939 2278 hio
960 2232 1089 2301 propter
1105 2211 1145 2281 τὸ
1168 2217 1271 2311 castra
1287 2219 1321 2278 ad

290 2318 411 2382 beilum
433 2321 582 2403 pertinet.
627 2318 764 2400 Crepare
789 2331 895 2380 tamen
916 2321 1012 2380 etiam
1036 2334 1118 2381 recte
1136 2321 1319 2382 omninode

254 2441 259 2452 “
290 2422 392 2494 claro,
419 2419 484 2482 lato
507 2419 627 2492 sonitu.
653 2434 690 2481 ut
700 2417 843 2514 strepere
866 2421 906 2483 de
928 2439 1020 2482 caeco
1043 2441 1219 2484 murmure.
1255 2421 1319 2483 viu.

290 2523 503 2606 Oudendorp.
520 2524 558 2584 ad
579 2535 740 2586 auctorem
759 2522 799 2584 de
814 2523 852 2583 ii.
864 2521 998 2605 Hispan.
1016 2542 1081 2605 cap.
1098 2536 1157 2600 31.
1188 2522 1243 2583 ubi
1261 2521 1320 2604 gia.

290 2623 451 2686 diatonon
472 2625 609 2702 crepitus
625 2624 751 2694 dicitur,
774 2643 832 2707 pro
847 2643 911 2704 quo
926 2623 1033 2704 aliqui,
1051 2639 1086 2684 nt
1103 2625 1135 2684 in
1152 2625 1222 2686 aliia
1239 2625 1318 2692 lucie,

277 2721 448 2820 strepitus.
489 2722 540 2786 Ci.
566 2725 652 2786 idem
667 2726 705 2786 ad
723 2726 782 2788 iul.
801 2723 939 2806 Obsequ.
957 2724 997 2786 de
1018 2726 1141 2810 prodig.
1157 2747 1226 2808 cap.
1247 2738 1318 2802 rot.

289 2847 360 2910 pag.
381 2835 462 2904 123.
499 2825 557 2886 ubi
582 2829 680 2888 etiam
705 2828 836 2910 quidam
850 2825 1011 2920 strepitus
1033 2827 1212 2898 malebant,
1241 2823 1319 2909 quod

289 2930 387 2991 etiam
407 2927 447 2990 de
463 2930 558 2991 armis
573 2927 703 3012 aliisque
725 2931 851 3013 organis
868 2928 1010 2990 adhiberi
1026 2927 1110 3010 poiie
1125 2941 1156 2989 et
1175 2927 1318 2996 adhiberi,

289 3030 362 3112 quit
388 3029 506 3114 neget?
548 3030 601 3093 sie
614 3033 806 3093 commutari
831 3031 868 3090 ad
890 3027 1009 3093 Sallust.
1033 3031 1105 3114 lug.
1124 3048 1158 3110 9,
1183 3047 1215 3094 2.
1233 3029 1319 3091 docet

290 3133 400 3196 Corte.
436 3135 519 3215 Apte
541 3133 640 3218 igitur
657 3131 768 3194 Noster
789 3129 894 3213 posuit
914 3131 951 3191 ad
975 3149 1043 3193 rem
1061 3129 1250 3216 signandam,
1273 3127 1318 3192 ieri

290 3245 405 3316 etapte
419 3232 563 3316 adposuit
577 3235 615 3297 ad
632 3231 787 3316 cyrrham,
806 3233 880 3314 quia
895 3233 941 3294 de
950 3229 1027 3295 [ono
1043 3233 1183 3317 graviori
1199 3253 1236 3294 ex
1250 3251 1317 3294 con·

289 3335 400 3398 liiione
415 3353 522 3397 rerum
539 3349 629 3398 moto
644 3337 771 3405 dicitur,
788 3348 824 3395 ut
838 3331 1202 3397 docuitDrakenborch.
1215 3334 1252 3395 ad
1267 3333 1317 3396 sit.

290 3437 361 3500 irat.
377 3438 431 3507 16,
448 3450 506 3516 50.
534 3439 586 3499 Sic
599 3459 673 3499 aero
686 3437 882 3516 crepitantia
895 3437 935 3498 de
953 3435 1318 3498 tintinuabuliarivienua

264 3527 267 3536 ’
290 3541 323 3600 iu
341 3536 402 3601 fab.
420 3553 452 3614 7,
469 3557 502 3617 9.
531 3537 589 3600 ubi
606 3541 671 3602 vid.
689 3539 911 3622 Cannegieter.
952 3537 1130 3620 Tympania
1145 3538 1236 3599 tibiae
1249 3538 1317 3598 acci·

288 3640 366 3702 niffe
391 3641 501 3703 multia
528 3641 622 3704 docet
646 3639 795 3704 Perizon.
824 3640 865 3700 ad
891 3639 1011 3702 Aeliam
1034 3639 1071 3703 V.
1092 3639 1134 3701 H.
1153 3657 1186 3719 9,
1206 3650 1239 3716 8.
1267 3635 1317 3696 ubi

288 3745 384 3806 etiam
409 3761 479 3804 aere
502 3741 630 3804 incisam
661 3755 887 3824 tympanorum
912 3739 1047 3802 formam
1070 3740 1315 3822 repraesentavit.

289 3845 442 3907 Ceterum
466 3843 547 3905 hane
564 3843 668 3908 Melae
687 3847 899 3904 narrationem
920 3863 960 3904 ex
982 3843 1141 3905 Hannone
1157 3844 1315 3925 repetitam

287 3947 423 4030 explicat
455 3946 647 4009 Kuobiaueh
678 3947 723 4007 im
749 3943 944 4008 Teutschem
977 3942 1112 4005 Merkur
1137 3963 1187 4006 an.
1216 3957 1315 4021 1792.

287 4049 333 4112 Ρ.
347 4069 375 4111 1.
395 4067 426 4129 p.
442 4059 502 4126 50.
528 4064 562 4113 et
586 4063 659 4114 ante
679 4068 755 4113 eum
776 4047 920 4114 Clericus
941 4045 980 4111 ad
1003 4045 1135 4110 Heiiodi
1154 4045 1313 4130 Tia'eogon.

257 4238 262 4245 ι
287 4171 320 4215 v.
343 4159 429 4231 274.
