2650 4896
285 475 346 544 ιιι
551 463 714 528 notae
754 465 1058 526 exterruerat

287 657 359 726 pag.
380 637 454 718 436
468 635 534 724 sqq.
583 639 653 700 sam
678 634 841 725 denique.
877 635 1034 702 enarratis
1067 633 1270 722 potion'bne
1295 636 1325 698 rs

288 739 398 803 Thale
421 735 556 824 citraque
582 739 642 802 situ
663 735 898 824 opinionibne,
932 759 1076 826 quornm
1097 735 1261 824 partibus
1283 739 1322 798 ad

289 835 427 904 haeserit
447 839 554 913 Mela,
587 834 842 926 disquirendum
865 840 917 904 est.
966 839 1108 902 Exorsua
1130 838 1183 901 est
1205 837 1293 901 cursr
1309 872 1324 891 ··

290 937 326 1014 in
352 936 573 1004 describendia
600 938 724 1006 Oceani
754 937 868 1004 insulie
891 963 909 1002 a
933 939 1079 1004 Gadibus
1106 961 1223 1025 usqne
1246 939 1309 1001 eti

291 1037 454 1122 Scythicis
479 1041 520 1104 ad
545 1061 634 1104 mare
660 1043 768 1106 Eoum
790 1039 937 1106 substitit.
994 1043 1105 1127 Quem
1127 1037 1292 1103 ordinem
1319 1054 1325 1091 τ

290 1137 417 1214 tenuit,
457 1161 565 1228 neque
595 1139 776 1216 declinare,
821 1140 880 1204 nisa
913 1141 993 1206 altu
1020 1138 1205 1204 temerario
1239 1142 1320 1204 sacto

291 1238 420 1357 potuit.
442 1243 526 1309 astra
541 1245 715 1317 Sannatae,
737 1241 857 1330 quibus
870 1244 1028 1306 haetenus
1044 1241 1200 1306 obiectae
1215 1241 1271 1302 ios

292 1340 456 1416 narravit,
486 1345 672 1429 quaerenda
690 1343 785 1408 est'
755 1365 826 1407 erue
843 1345 962 1406 Thule.
1012 1347 1151 1429 Exque
1176 1339 1316 1404 otmari

293 1439 376 1510 timo
399 1443 510 1523 cursu,
545 1441 668 1532 quippe
684 1466 783 1530 quem
803 1443 1003 1516 instituerat,
1027 1441 1212 1530 pervenire
1234 1443 1325 1530 posse

295 1545 335 1616 ad
350 1545 491 1628 Tasgen
517 1541 552 1607 in
572 1543 686 1630 Caspio
708 1543 804 1619 mari,
830 1547 915 1608 ultra
929 1545 1104 1608 Codanum
1123 1549 1236 1607 sinum
1250 1565 1292 1605 ι

295 1641 405 1711 omnia
438 1647 560 1732 repleta
592 1643 738 1742 putavit,
772 1644 808 1710 in
843 1667 882 1712 eo
912 1662 1035 1718 tractu,
1072 1645 1132 1713 ubi
1159 1644 1267 1706 hodie
1289 1654 1325 1704 e'·

294 1765 433 1830 regnum
449 1747 623 1810 Rusticum.
658 1743 811 1833 Caspium
826 1763 934 1810 autem
950 1768 1040 1810 mare
1058 1745 1243 1830 coniungit
1283 1774 1316 1797 ιι·

295 1848 427 1912 Oceano
446 1845 698 1932 septemtrionali
718 1863 751 1926 3,
768 1861 800 1928 5.
817 1863 849 1912 ct
864 1850 996 1932 Bergae,
1022 1846 1079 1934 qui
1093 1845 1224 1910 iterum
1238 1845 1324 1930 prod·

295 1964 392 2021 eunt,
427 1944 462 2015 in
488 1946 621 2028 Scythia
651 1965 683 2012 et
703 1951 792 2018 Asiae
820 1947 966 2020 confinio
995 1947 1114 2033 posuit.
1169 1951 1322 2011 Dextram

293 2043 396 2134 igitur
417 2068 506 2112 orant
528 2047 748 2134 persequitur,
775 2066 825 2123 et,
850 2071 934 2136 quae
951 2049 1100 2113 obiectae
1116 2053 1181 2112 snt
1196 2047 1320 2117 insulae,

295 2163 433 2220 enarrat.
474 2149 520 2212 Ita
543 2147 584 2215 de
603 2148 757 2214 Sarmatia
779 2167 884 2225 antea,
908 2167 941 2216 et
955 2171 1046 2214 nune
1061 2151 1102 2212 de
1117 2147 1239 2233 Bergia
1254 2167 1320 2211 cum

294 2247 387 2334 supra
408 2263 521 2311 notate
542 2268 656 2312 eorum
672 2254 731 2314 situ
746 2267 829 2336 apte.
867 2252 949 2315 Inde
968 2272 1047 2316 vero
1063 2249 1255 2319 conficitur,
1278 2245 1318 2310 in·

293 2347 394 2411 salam
418 2346 475 2414 hic
493 2344 637 2434 aliquam
655 2373 757 2437 prope
779 2350 992 2437 Norwegiam
1011 2352 1152 2416 nostram
1172 2369 1319 2437 quaeren·

295 2449 372 2516 dam
389 2451 459 2514 else.
510 2453 557 2512 Ita
573 2447 671 2514 etiem
689 2453 757 2516 sere
771 2454 811 2516 de
829 2457 893 2518 hoc
909 2455 1017 2520 Melae
1031 2455 1127 2517 eursu
1145 2446 1316 2515 disseruisse

293 2549 528 2618 scatoezerum
548 2549 628 2638 (vid.
648 2555 741 2618 Neue
762 2556 898 2638 Allgem.
915 2555 1145 2618 west-Geseh.
1162 2573 1238 2640 pag.
1253 2545 1316 2632 aa.)

294 2649 411 2714 lubent
436 2649 594 2734 cognovi,
623 2656 677 2720 etsr
694 2657 734 2726 ab
752 2676 791 2719 eo
809 2653 984 2728 dissentio,
1012 2652 1176 2742 quoditie
1192 2653 1312 2719 Thulen

292 2747 430 2816 Vissulae
444 2749 523 2816 ossio
538 2751 674 2846 propina
694 2757 857 2830 admovet,
884 2758 973 2843 quod
984 2759 1107 2840 Bergae
1121 2753 1180 2817 vix
1195 2751 1314 2838 patiun-

293 2865 348 2921 tur
369 2855 452 2918 altra
471 2855 629 2918 Sarmatae
652 2855 790 2928 remoti,
822 2873 853 2924 et
874 2879 959 2943 quae
979 2859 1020 2920 de
1039 2855 1198 2921 continua
1215 2851 1267 2917 die
1286 2865 1312 2912 et

293 2967 391 3018 nocte
415 2948 540 3026 scribit,
573 2975 649 3028 eum
671 2978 736 3044 quo
760 2975 963 3043 congruunt,
996 2960 1125 3020 srsrtum
1145 2946 1319 3026 diiudicet.

293 3073 378 3140 quae
392 3069 425 3132 3,
448 3067 480 3134 5.
505 3055 656 3122 narravit.
708 3061 758 3122 De
777 3061 886 3130 Thule
902 3058 1051 3145 pluribus
1076 3060 1173 3121 docte
1189 3047 1310 3118 Kerasia

292 3151 330 3221 stt
345 3153 523 3218 Memoiree
538 3157 578 3218 de
591 3155 771 3226 litterature
787 3189 832 3206 -
849 3160 890 3222 de
905 3158 995 3232 Paris
1015 3163 1056 3222 T.
1066 3171 1124 3239 45.
1139 3183 1172 3244 p.
1191 3171 1236 3240 37
1252 3153 1310 3238 sqq.

293 3260 351 3343 qus
376 3257 416 3320 de
433 3257 575 3322 Hetlantl
599 3256 755 3344 intelligit
779 3283 819 3324 ex
841 3259 958 3325 Tacito
981 3260 1142 3336 maxime3
1182 3257 1309 3338 Pytheas

292 3355 382 3423 enirn
404 3375 602 3440 cognoverat
622 3375 749 3423 tanturn
767 3361 866 3424 sendo
888 3377 921 3425 et
942 3361 1111 3429 aberravit.
1162 3353 1310 3424 Recenset

292 3455 393 3522 etiam
414 3455 554 3522 aliorum
578 3458 762 3544 opiniones.
803 3465 916 3547 Nuper
934 3465 975 3525 de
992 3485 1030 3526 ea
1047 3458 1230 3547 disquisivit
1245 3454 1305 3517 Ves-

292 3563 352 3623 siue
365 3557 401 3622 in
414 3559 561 3624 Bredow
576 3563 867 3647 Untersuehungen
883 3565 964 3628 iiber
979 3600 1031 3612 -
1051 3567 1113 3626 alte
1128 3557 1307 3626 Geschichte

290 3657 432 3750 (¹3⁰⁰·)
449 3661 485 3724 Ρ·
506 3683 535 3724 ¹·
548 3681 580 3746 P·
601 3680 668 3726 12⁸³
679 3663 744 3760 sqq.
767 3655 825 3750 qrii
841 3685 944 3750 prope
959 3661 1164 3741 Britanniam
1180 3653 1301 3748 quaerit

363 3863 612 3947 Bergnram)
646 3867 696 3928 De
709 3861 752 3928 iia
767 3865 807 3928 ad
824 3881 857 3946 3.
875 3877 908 3944 5.
926 3863 972 3930 ἱιι.
993 3885 1197 3930 rzecnrcrte.
1223 3862 1300 3944 Qu⁰⁸

288 3957 336 4024 itt
357 3959 507 4026 nominet
525 3981 654 4038 auctor,
687 3967 782 4028 valde
802 3965 991 4051 ambignum
1009 3967 1053 4029 est
1077 3983 1110 4030 et
1133 3965 1299 4029 obscurum,

288 4063 345 4124 etsr
360 4081 425 4125 vox
440 4060 507 4148 ipsa
521 4085 624 4150 prope
640 4067 775 4132 accedat
791 4069 834 4146 ad
846 4071 962 4132 Bercae
976 4065 1012 4129 in
1022 4065 1212 4150 Norwegia‚
1235 4073 1298 4146 qus

287 4183 364 4226 tum
378 4162 532 4228 meminit
547 4165 675 4232 tanin
687 4179 723 4248 4,
742 4183 799 4247 30.
816 4169 839 4232 s.
860 4171 916 4234 ιδ.
941 4189 966 4232 ι.
984 4188 1181 4234 onenovtve
1194 4163 1261 4230 MS.
1274 4179 1297 4218 ¹·
