2674 4906
276 432 336 510 eat
542 434 703 498 norae
744 434 1046 494 precurrere

347 599 598 699 serpentes)
642 608 732 670 Idem
748 623 849 673 nanat
865 609 985 670 Aelian.
1001 609 1038 670 V.
1056 607 1097 670 H.
1116 609 1149 678 6,
1167 623 1232 671 21.
1254 604 1333 667 dra·

280 730 396 772 conum
412 711 445 769 in
462 711 551 771 ludia
567 729 639 772 eum
656 710 831 793 elephantie
844 713 1014 770 maximam
1032 709 1091 771 elle
1112 709 1333 772 discordiam.

280 811 340 892 Τῷ
362 807 542 897 τραχήλῳ,
567 811 687 893 inquit,
713 806 930 900 nepnprtu‘oee
951 843 1000 861 ·-
1026 803 1175 896 α’πᾶγχει
1199 801 1246 872 τὸ
1269 811 1336 892 θη·

282 910 364 1000 pior.
391 927 423 972 et
445 912 484 972 de
506 912 696 976 draconibus
711 915 745 975 in
762 909 932 996 Aethiopia
949 915 1036 974 idom
1053 928 1085 980 Ω,
1104 930 1160 973 er.
1179 915 1228 972 in.
1272 907 1335 972 Cf.

282 1027 315 1075 et
329 1013 440 1074 Strabo
457 1029 510 1089 17.
523 1035 554 1096 p.
567 1016 650 1092 565.
662 1014 681 1076 i.
694 1027 779 1093 822.
804 1017 868 1098 qui,
886 1035 958 1076 cum
975 1015 1106 1076 nomine
1121 1013 1262 1095 proprio
1283 1031 1324 1072 ca

282 1127 388 1184 reret,
415 1113 453 1174 ab
468 1114 539 1196 ipfie
562 1113 672 1198 φονεῖς
693 1111 882 1198 ἐλεφάντων
899 1131 1064 1178 vocantur.
1101 1115 1185 1177 Plin.
1206 1124 1244 1188 8.
1271 1132 1336 1178 ιι.

283 1215 434 1278 dracones
468 1228 580 1278 tantae
618 1219 866 1297 magnitudinis,
906 1230 944 1278 ut
975 1216 1187 1295 circumplexu
1215 1205 1311 1304 faci

283 1317 506 1398 (elephantos)
549 1317 709 1390 ambiant,
754 1339 895 1400 nexuque
941 1319 1019 1380 nodi
1065 1315 1336 1409 praestringant.

282 1417 428 1500 Pugnam
452 1439 524 1478 curn
545 1421 712 1501 elephanto
735 1419 882 1482 describit
903 1420 1024 1500 prolixe
1041 1418 1148 1480 Philee
1167 1437 1277 1478 carm.
1299 1427 1323 1493 8

285 1531 356 1596 ,947
375 1518 436 1600 sqq.
459 1517 529 1602 (ed.
553 1519 749 1584 Wernedori.
773 1539 845 1605 pag.
865 1517 969 1602 284.)
1019 1519 1133 1581 Draco
1153 1535 1274 1579 autem
1300 1537 1337 1577 e·

276 1611 410 1709 serpens
427 1619 603 1700 promiscue
618 1634 792 1706 ponuntur.
810 1636 845 1682 ut
861 1623 893 1682 in
911 1621 1027 1682 Martio
1043 1621 1109 1690 illo.
1126 1621 1181 1700 qni
1202 1621 1335 1680 Dircen

284 1718 407 1784 iontem
424 1720 626 1788 custodiebat.
665 1725 702 1784 ln
719 1723 879 1804 Euripidie
892 1723 1014 1790 Phoco.
1030 1723 1114 1785 661.
1130 1721 1173 1782 est
1192 1715 1336 1805 δράκων

274 1816 403 1908 ’'Aproc.
438 1823 480 1882 Et
502 1824 541 1884 fic
555 1824 763 1908 Palaephatus
782 1827 814 1893 6.
838 1845 866 1886 r.
883 1825 981 1886 etalii
1000 1825 1168 1884 draconem
1186 1821 1334 1882 hebent.

286 1923 501 1986 Ovidiolllet.
521 1938 553 2002 5,
571 1939 629 2006 32.
652 1925 694 1988 est
710 1927 853 1987 Martius
874 1926 1005 2006 arigitis.
1034 1923 1102 2005 poll
1122 1944 1156 1985 v.
1177 1933 1243 2001 58.
1264 1913 1309 2012 sc

284 2045 372 2106 pens.
409 2023 461 2086 Sic
483 2031 653 2108 utrumque
673 2027 787 2088 dicitur
809 2027 849 2088 de
872 2027 1000 2090 custode
1022 2027 1178 2086 malorum
1204 2021 1324 2104 Hespe

285 2127 403 2194 ridum.
450 2127 521 2189 Vid.
550 2127 674 2190 Fischer
709 2129 743 2189 iu
777 2128 880 2188 indice
913 2127 1094 2208 Palaephati
1124 2147 1157 2187 v.
1182 2118 1335 2210 δράκων.

286 2225 445 2288 Inrmanis
466 2241 572 2288 autem
593 2229 696 2292 noller
713 2248 788 2291 mox
810 2230 943 2310 explicat
961 2228 1066 2288 verbis
1085 2217 1187 2315 morsu
1207 2240 1245 2286 et
1266 2247 1336 2284 am·

166 2370 173 2380 .
287 2323 365 2386 bitu.
404 2325 554 2388 Ceterum
568 2325 688 2410 pallam,
703 2331 804 2391 veluti
820 2331 904 2410 apud
920 2328 1107 2390 Strabonem
1127 2327 1335 2406 serpentium

287 2427 479 2488 immanium
503 2431 538 2490 fit
562 2433 701 2500 mentio,
739 2433 793 2512 qni
818 2431 962 2490 animalia
985 2449 1098 2514 magna
1131 2429 1335 2511 deglutiant,

288 2529 357 2595 vel.
384 2541 419 2588 ut
440 2531 492 2590 16.
511 2551 543 2610 p.
563 2543 645 2606 533.
664 2530 685 2596 i.
705 2545 788 2608 775.
811 2532 994 2612 elephantos
1014 2525 1217 2618 χειροῦνται.
1281 2529 1335 2589 Sic

288 2649 388 2710 prope
418 2628 549 2712 Gargara
583 2631 659 2701 elle,
699 2635 753 2712 qni
788 2652 898 2696 cervos
923 2633 1045 2693 ambitu
1067 2661 1117 2674 -·
1140 2631 1333 2700 conficiant,

288 2744 394 2796 narrat
409 2730 513 2792 Schol.
531 2731 649 2794 Villoil.
668 2733 706 2794 ad
724 2735 762 2795 ll.
779 2747 811 2811 3,
829 2743 890 2812 47.
926 2736 991 2794 'De
1008 2733 1189 2794 Indicorum
1212 2745 1334 2792 autern

288 2831 509 2914 magnitudine
532 2833 643 2896 Strabo
665 2849 722 2913 ι5.
746 2855 815 2918 pag.
830 2845 915 2912 483,
933 2833 952 2896 l.
971 2848 1053 2912 703.
1080 2833 1201 2894 Arrian.
1221 2833 1335 2894 lndic.

289 2950 317 3000 c.
341 2945 393 3008 ι5.
420 2931 549 2994 Curtiue
567 2953 600 3013 9,
617 2947 690 3015 r,4.
712 2936 822 2998 etalii.
858 2932 929 2998 vid.
947 2955 1026 3016 quoe
1041 2936 1079 2996 ad
1089 2933 1240 2996 Curtium
1261 2954 1294 2994 c.
1311 2935 1333 2995 l.

288 3033 417 3097 laudant
441 3035 584 3097 liederus
612 3051 645 3099 et
675 3037 919 3100 Freinshemius.
964 3037 1113 3120 Quatuor
1137 3032 1334 3096 cubitorum

191 3211 194 3220 ³
289 3135 404 3218 longos
420 3135 497 3196 dicit
512 3139 632 3204 delion.
650 3139 688 3200 de
704 3119 747 3201 N.
764 3141 822 3200 dn.
840 3139 893 3208 16,
910 3147 969 3215 42.
988 3157 1025 3198 ex
1042 3134 1153 3199 Ctesra.
1207 3137 1334 3196 Imma·

289 3233 452 3298 niffirnurn
477 3253 581 3298 antem
602 3241 709 3301 Indiae
734 3237 920 3321 serpentem,
946 3257 1043 3319 quern
1061 3237 1184 3298 Baccho
1204 3233 1333 3298 sacrrrm

291 3338 414 3399 incolae
430 3340 570 3399 victimis
588 3337 701 3401 oblatie
717 3343 811 3402 etiarn
827 3341 994 3401 coluerunt
1010 3339 1097 3400 Alex.
1115 3337 1160 3398 M.
1182 3337 1333 3398 adventu

291 3453 521 3500 commemorat
544 3439 627 3503 Mor.
652 3443 768 3520 Tyrius
790 3441 855 3502 dill.
876 3453 908 3518 8,
931 3437 1022 3524 (58)
1047 3441 1079 3502 6.
1120 3441 1169 3500 De
1191 3439 1271 3520 tigri
1301 3437 1333 3499 id

292 3540 387 3601 tradit
405 3542 524 3601 arrian.
542 3542 576 3601 in
593 3541 711 3604 indicia
732 3563 799 3624 cap.
823 3554 877 3623 ι5.
898 3561 938 3608 ex
952 3541 1109 3612 Nearcho,
1135 3557 1214 3625 quae
1235 3536 1332 3602 facile

292 3639 431 3708 insilient
448 3641 653 3723 elephantum
668 3642 809 3726 suffocet.

369 3843 490 3906 larrns
498 3842 516 3925 )
566 3845 663 3906 Multi
681 3860 822 3918 narrant,
851 3845 900 3908 led
917 3840 981 3907 iere
999 3839 1126 3906 SerIbue
1146 3839 1331 3905 adscribunt

295 3960 470 4026 corumque
487 3948 620 4030 regioni.
674 3950 726 4010 Sic
744 3949 826 4012 Plin.
843 3950 876 4017 6,
902 3963 960 4014 20.
979 3944 1000 4006 i.
1023 3960 1078 4020 17.
1103 3943 1189 4004 Seres
1209 3945 1331 4006 nenio

286 4039 445 4134 filoururn
461 4046 584 4112 nobiles.
609 4051 695 4134 Virg.
709 4051 824 4134 Georg.
838 4065 868 4120 a,
884 4065 925 4112 ra
935 4067 963 4109 ι.
982 4044 1018 4110 V
1016 4046 1165 4126 alteraque
1180 4057 1216 4105 ut
1227 4036 1330 4133 foliis

295 4145 465 4229 depectant
481 4151 588 4214 cenario
603 4151 698 4218 Seres.
726 4151 842 4221 Anien.
860 4153 896 4218 in
908 4149 1033 4233 Perieg.
1050 4169 1083 4212 v.
1095 4146 1180 4228 956.
1201 4143 1238 4212 V
1236 4145 1330 4214 atera
