2696 4896
162 451 222 508 nt
251 452 388 510 romi.
419 451 527 510 ΜΠ..
569 451 677 510 Lm.
720 453 827 512 Clll.
870 451 895 524 ς.
918 461 950 526 4.
1028 465 1085 508 rut

42 625 91 690 de
112 645 189 686 eam
218 627 450 696 eminentiam,
484 625 584 688 verbo
602 619 751 714 infimam
771 627 924 697 declarat.
955 637 988 688 et
1007 622 1084 684 hinc

43 743 104 810 apte
128 728 220 787 dixit
239 719 465 818 supercilium.
497 729 582 810 quod
609 729 683 790 aliae
706 727 749 790 eli
771 747 882 792 cornu.
921 728 1082 806 Plinl04.

40 845 90 904 a7.
110 826 132 890 s.
160 843 221 908 13.
243 829 286 891 ell
303 831 562 911 promontorium
578 829 798 894 Cimbrorum.

104 1033 160 1092 ln
188 1054 235 1094 eo
243 1032 262 1111 )
303 1029 377 1092 Non
392 1029 594 1094 referendum
609 1031 704 1095 eliud
720 1032 834 1102 linum,
855 1031 905 1094 sed
922 1030 958 1092 ud
977 1026 1081 1112 super·

30 1135 164 1204 cilium,
201 1149 238 1194 nt
260 1134 343 1195 Plio.
368 1135 400 1200 6.
426 1147 458 1212 5.
483 1135 580 1194 dixit:
613 1135 863 1212 promontorium
892 1131 1030 1202 Crunoe,
1057 1149 1081 1191 a

29 1257 90 1318 quo
108 1227 321 1326 supercilium
341 1233 475 1296 arduum
498 1249 604 1297 tenent
622 1236 761 1298 Toretne.
814 1235 937 1297 Omnes
953 1251 1029 1294 vero
1045 1233 1080 1292 in

29 1338 80 1397 illa
98 1335 305 1400 Chersoneso
324 1351 451 1418 ponunt
466 1337 626 1408 Cimbros,
652 1356 731 1419 quae
749 1337 825 1400 inde
838 1333 905 1418 poli
923 1331 1082 1398 Cimbricra

29 1440 116 1499 dicta
139 1437 196 1500 est.
252 1439 300 1498 En
321 1457 386 1520 quo
409 1439 501 1498 simul
524 1439 669 1521 adparet.
696 1439 749 1500 hic
776 1437 908 1500 insulam
932 1435 1081 1498 Coriono-

30 1544 121 1601 nr'nm
145 1537 168 1603 s.
183 1539 440 1601 Scorrdinaviem
463 1559 538 1602 cum
562 1541 782 1626 Schoeningio
811 1540 948 1604 minime
970 1533 1081 1619 quaeri

28 1641 127 1724 posse.

110 1840 308 1924 Cimbri)
367 1843 423 1908 Gr.
454 1843 550 1908 etiam
577 1841 732 1934 Κίμβροι.
783 1843 946 1928 Populum
972 1853 1081 1902 temen

32 1946 233 2028 peculiarem
256 1942 355 2014 luisse.
391 1947 471 2008 item
498 1945 730 2010 Chersonesum
753 1945 959 2014 Cimbricam,
986 1950 1082 2024 neget

34 2046 162 2108 Nicolai
179 2043 296 2108 Reisen
313 2048 383 2110 Vol.
405 2070 415 2108 r
431 2069 458 2110 t.
478 2032 550 2132 arip.
571 2071 598 2110 t.
616 2071 649 2132 p.
668 2062 718 2131 44
736 2047 798 2131 sqq.
844 2047 977 2128 Proprie
991 2043 1081 2105 enim

34 2149 91 2210 else
109 2149 264 2227 Mega,
292 2148 373 2210 Felli
393 2149 541 2212 latrones.
591 2150 816 2213 ACimmeriie
837 2149 966 2230 quidam
981 2145 1081 2205 dedu·

35 2265 128 2318 cunt,
165 2263 205 2310 nt
220 2249 355 2310 Misnioa
376 2271 392 2310 a
412 2251 518 2328 Mysiis
538 2265 570 2312 et
592 2271 703 2334 porro,
737 2252 861 2334 decepti
883 2249 967 2310 nntle
988 2263 1081 2307 voca·

36 2351 189 2412 bulorum
213 2353 375 2413 adfinitate
396 2367 428 2414 et
450 2353 628 2428 adlnstone,
660 2373 741 2435 qnoe
761 2353 869 2414 irridet
891 2349 1021 2412 Cluver.
1046 2347 1081 2405 in

35 2453 147 2514 Gerrn.
171 2467 239 2513 ant.
263 2475 293 2522 r,
311 2467 341 2532 3.
369 2475 438 2538 pag.
460 2470 516 2533 29.
542 2469 573 2516 ot
599 2452 714 2516 refutat
737 2455 880 2533 Bryerur
900 2453 933 2512 in
956 2446 1023 2510 diis.
1040 2446 1081 2508 de

36 2555 227 2616 Cimmeriis
244 2555 276 2613 in
291 2552 395 2634 opusc.
413 2575 444 2636 p.
467 2569 534 2630 130
553 2553 617 2636 squ.
668 2557 715 2618 lte
737 2575 815 2618 vero
829 2553 923 2615 tradit
938 2571 976 2614 ex
995 2563 1082 2610 vete·

35 2657 125 2718 ribue
161 2657 323 2718 Plutarch.
356 2659 388 2716 in
419 2657 520 2716 Mario
547 2675 614 2737 cap.
638 2677 693 2720 tt.
726 2657 782 2717 ubi
809 2654 923 2723 multa.
965 2653 1082 2712 incerta

37 2760 208 2838 quamam,
236 2755 427 2820 reseruntur.
480 2759 600 2820 Contra
622 2759 734 2819 Strabo
752 2773 785 2830 7.
807 2778 838 2839 p.
857 2769 940 2832 205.
960 2749 980 2816 s.
999 2763 1082 2832 293.

38 2861 205 2920 rGraecir
224 2857 406 2920 Cimmerios
427 2875 558 2920 vocator
579 2878 637 2942 pro
661 2858 796 2922 Cimbris
817 2859 927 2927 tradit.
957 2869 989 2918 et
1006 2853 1083 2915 intle

39 2981 161 3022 nomen
196 2957 332 3038 Bospori
363 2955 532 3021 Cimmerii
565 2962 693 3044 repetit.
741 2958 792 3023 Cs.
817 2953 1029 3040 Stephanues.
1048 2973 1083 3016 v.

32 3053 169 3148 'stipam
198 3073 232 3122 et
249 3061 384 3122 Diotlor.
404 3075 436 3140 5,
462 3075 519 3140 32.
570 3063 658 3122 Tum
682 3062 869 3124 Plutarchus
896 3077 969 3123 curu
995 3053 1085 3119 Pelio

1 3169 2 3176 ’
40 3161 93 3223 sub
111 3165 146 3224 b.
165 3183 200 3224 r.
218 3177 327 3232 notat,
354 3163 520 3224 Germania
539 3161 578 3223 lic
598 3177 728 3224 vocatos
751 3163 811 3224 elle
833 3163 980 3223 latrones.
1032 3159 1084 3218 De

39 3265 99 3326 itti.
117 3261 263 3325 sabulose
286 3263 385 3324 multa
409 3261 535 3332 reseni,
566 3277 678 3326 monet
697 3265 825 3332 Strabo.
848 3277 896 3330 et.
921 3279 1000 3342 qnae
1021 3275 1086 3319 cer·

38 3367 120 3428 tiore
134 3379 246 3448 putet,
275 3383 315 3428 ex
332 3363 501 3428 Posidonio
521 3365 560 3427 de
581 3367 674 3427 rariie
694 3366 821 3428 illorum
843 3357 1089 3448 migrationibus

38 3482 287 3530 commemorat.
342 3465 435 3528 Plura
461 3465 552 3528 dabit
576 3465 688 3546 liayer.
716 3487 786 3550 pag.
813 3479 891 3545 133.
908 3485 935 3526 c.
955 3463 975 3522 l.
1006 3479 1086 3540 quae

40 3581 149 3630 tamen
173 3569 285 3628 minue
312 3567 486 3649 probabilia
509 3569 651 3648 undique
675 3570 845 3638 videntur.
879 3565 935 3627 etst
958 3562 1086 3624 Posido·

40 3671 135 3732 nium
158 3673 256 3732 etiam
279 3671 390 3729 omnia
414 3667 642 3730 commiscuilse
666 3668 781 3732 censet.
833 3669 871 3730 ln
894 3665 992 3728 Gallia
1013 3678 1087 3725 ante

42 3771 139 3834 Marii
160 3783 298 3832 aetatem
313 3783 529 3833 commoratos
544 3767 614 3840 else.
640 3773 715 3832 inde
730 3771 865 3852 adparet.
890 3767 974 3849 quod
993 3765 1088 3826 multi

43 3891 191 3936 ructoree
213 3871 318 3932 Latini
344 3871 471 3942 Gallos,
503 3871 615 3934 Graeci
639 3865 789 3939 Κελτοὺς
813 3867 832 3934 s.
852 3861 1015 3934 Γαλάτας
1035 3869 1088 3928 ad-

44 3961 183 4059 pellant.
209 3974 243 4034 in
260 3973 374 4054 primic
390 3973 552 4054 Appiano·
567 3973 600 4032 in
617 3973 772 4056 excerptio
788 3993 820 4054 p.
837 3986 895 4054 73.
913 3971 965 4035 ed.
981 3969 1089 4034 Schw.

45 4079 194 4141 tnomm
229 4074 298 4136 loca
324 4073 546 4159 congesserunt
572 4073 703 4156 Speuer.
731 4077 764 4136 in
791 4088 860 4138 not.
887 4073 996 4138 Germ.
1023 4083 1089 4134 aut.

47 4189 132 4260 ot.
159 4197 193 4264 P·
218 4191 301 4256 η7·
325 4189 359 4242 ⁰¹
377 4187 411 4256 5.
434 4197 466 4242 ι.
489 4197 523 4264 p.
542 4191 563 4244 a
582 4173 647 4261 sqq.
686 4176 821 4243 oberlin
836 4179 877 4241 acl
895 4173 967 4242 vib.
993 4173 1089 4256 Sequ.
