2746 4894
279 419 345 494 574
548 411 709 480 uouit
747 408 1053 474 nxtowtcn

361 585 579 672 concipit)
615 582 707 652 Hinc
725 583 836 672 lapide
852 589 998 656 Lactant.
1014 609 1046 659 v.
1067 587 1148 670 167.
1165 576 1340 680 Ipsafiu

195 757 206 778 ι
285 689 406 772 proin,
424 683 506 782 suus
522 688 566 786 nst
585 703 695 771 putat,
721 703 754 752 et
766 680 850 782 suus
868 692 993 763 hatrat,
1017 689 1144 754 Nutrix
1158 681 1233 782 ipsa
1247 687 1338 782 sabi,

279 783 407 886 suuper
424 791 556 855 alumna
566 782 633 884 sui.
672 787 847 857 claudian.
860 813 894 856 v.
912 802 968 872 24.
989 804 1083 874 pater
1099 790 1145 886 est
1161 791 1339 875 prolesque

280 884 345 987 sui.
381 889 479 956 Ovid.
494 894 629 958 Metam.
650 907 803 973 15,392·
818 883 943 986 seipsa
962 884 1127 985 rasemiuat
1145 893 1223 957 ates.
1280 894 1338 956 De

287 993 429 1062 formula
444 984 559 1088 ipsese
574 993 699 1084 etfiiu',
724 1015 825 1080 quam
840 997 1024 1080 elegantem
1040 993 1109 1056 iere
1128 1015 1249 1056 omnes
1271 1015 1337 1079 pu·

287 1109 368 1167 tant,
383 1093 452 1164 vid.
462 1092 527 1158 viai
537 1094 626 1160 docti
636 1097 677 1164 ad
687 1099 848 1160 Catonem
864 1097 951 1180 apud
961 1099 1117 1159 Arntnen.
1125 1119 1158 1180 p.
1167 1117 1213 1158 m.
1229 1114 1277 1176 ¹9
1289 1095 1339 1180 sq.

288 1211 322 1264 et
343 1195 401 1283 qui
424 1198 610 1264 laudantur.
661 1197 761 1264 Caiut
781 1195 842 1262 τοῦ
862 1189 931 1289 ipsa
947 1219 987 1260 ux
1002 1196 1208 1282 obpofitione
1226 1194 1336 1260 unico

289 1299 353 1364 sna
376 1299 534 1383 expreffa,
567 1301 630 1362 five
656 1296 755 1366 tacita
781 1295 923 1364 iudicari
948 1299 1064 1372 debet,
1099 1313 1137 1362 ut
1161 1314 1254 1362 recte
1281 1295 1335 1362 ibi

288 1397 452 1468 Daumius
470 1416 603 1475 monet,
629 1416 663 1470 et
677 1397 857 1470 Goeleuiua
876 1397 913 1470 in
928 1399 1127 1468 Problemat
1146 1401 1335 1468 Gramma.

293 1520 326 1578 22
347 1513 406 1584 78·
430 1524 464 1589 p.
488 1519 568 1582 117·
597 1593 600 1599 ,

366 1704 585 1791 adulavit)
633 1701 720 1772 Ptin.
744 1727 799 1782 to,
820 1723 851 1772 a.
874 1705 948 1770 iuda
960 1705 1006 1801 fit
1029 1707 1147 1791 pullus.

366 1900 559 2003 inclusa)
608 1909 799 1976 Secundum
821 1911 979 1976 Herodot.
998 1925 1033 1989 5,
1050 1924 1109 1988 73.
1132 1930 1173 1974 ex
1193 1909 1335 1988 myrrha

293 2030 396 2074 ovum
412 2009 510 2085 facit,
531 2008 569 2078 in
587 2031 693 2097 eoque
709 2027 864 2077 excavato
880 2027 1007 2096 patrem
1021 2013 1161 2096 potitum
1176 2008 1213 2074 in
1228 2014 1335 2095 Aegy·

293 2127 388 2198 ptum
406 2129 562 2194 exportat.
598 2110 654 2176 Ἐν
674 2110 801 2201 σφαίρᾳ
822 2108 962 2204 σμύρνης
977 2115 1116 2201 positum
1131 2127 1262 2200 patrem
1278 2115 1334 2176 da·

156 2229 162 2238 ·
292 2229 422 2301 portare
439 2211 599 2299 Origenes
617 2211 701 2280 dicit
715 2235 743 2280 e.
758 2217 780 2282 1.

366 2415 594 2501 exportat)
643 2418 766 2482 Herod.
782 2437 809 2482 c.
826 2419 847 2482 l.
866 2415 1017 2510 κομίζων.
1050 2415 1136 2482 Plin.
1157 2439 1213 2488 ιο,
1231 2435 1263 2481 a.
1281 2413 1334 2478 da·

292 2516 410 2590 volare,
437 2515 515 2603 quia
528 2515 659 2592 Arabia,
685 2520 775 2582 unda
790 2517 954 2592 veniebat,
976 2511 1075 2606 ἣᾶνω
1089 2514 1188 2608 χώρα
1203 2518 1225 2582 s.
1240 2515 1333 2606 ’Δρα-

293 2611 368 2698 βῖα,
393 2635 426 2683 et
440 2621 617 2704 Aegyptus,
641 2617 700 2682 ubi
717 2618 913 2706 Heliopolis,
932 2642 1030 2708 quam
1044 2623 1188 2705 petebat,
1205 2614 1223 2706 i)
1240 2615 1332 2684 κάτω

158 2797 162 2807 1
295 2715 405 2808 χώρα.
442 2717 513 2785 Vid.
531 2720 661 2788 Salmas.
680 2721 720 2784 ad
739 2721 842 2790 Solin.
863 2743 933 2807 cap.
952 2735 1009 2801 33.
1026 2722 1047 2786 f.
1064 2725 1121 2800 36.
1137 2745 1170 2806 p.
1186 2743 1230 2783 m.
1247 2735 1331 2802 391.

296 2823 345 2884 Ita
367 2841 447 2883 vero
471 2818 527 2884 alii
550 2824 672 2894 volare,
706 2840 744 2887 ut
761 2821 878 2889 Suidaa
900 2826 932 2888 h.
953 2846 986 2891 v.
1015 2820 1246 2904 ἂφίπτασθαι,
1273 2817 1333 2883 alii

295 2914 445 3014 perferre,
459 2915 563 3015 farre,
585 2937 726 3006 portare,
747 2941 786 2990 ut
800 2921 907 2992 Tacit.
923 2925 1007 2992 Anu.
1025 2927 1063 3008 6,
1075 2935 1132 3004 28.
1161 2920 1332 3014 Claudiam.

294 3045 328 3090 v.
346 3035 394 3108 74
409 3023 453 3112 sq.
480 3021 624 3094 ovidius
637 3025 773 3094 Metam.
795 3040 851 3108 15,
869 3037 955 3112 4⁰5·

373 3227 459 3292 Sala·
464 3251 481 3291 s
488 3227 507 3311 )
542 3226 733 3316 Heliopolin
749 3227 878 3304 innuit,
904 3249 1002 3315 quam
1016 3226 1073 3292 hic
1095 3223 1230 3314 plurimi
1245 3246 1332 3290 cum-

297 3345 483 3392 memorant
496 3351 513 3392 a
527 3330 663 3395 Barthiu
679 3332 721 3395 ad
736 3330 958 3396 Claudianum
978 3353 1010 3395 v.
1027 3351 1086 3412 90.
1108 3325 1247 3406 laudati,
1273 3323 1331 3390 ubi

300 3429 384 3492 adde
399 3431 649 3516 Horapollinem
663 3431 699 3496 in
714 3429 980 3518 Hieroglyphicia
999 3451 1031 3505 a,
1049 3445 1107 3513 57.
1133 3431 1230 3515 Apud
1239 3431 1332 3494 Clau·

300 3527 437 3594 dianum
453 3531 513 3596 est:
540 3533 626 3604 Urbs
643 3535 758 3598 Titana
771 3537 857 3600 colit.
884 3531 1026 3598 Ovidius
1036 3535 1170 3597 Metam.
1186 3531 1330 3611 15,406.

299 3631 494 3716 Hyperionia
506 3635 593 3702 urbs.
627 3631 745 3702 Ἡλίου
765 3632 897 3724 τέμενος
914 3633 951 3698 in
967 3636 1117 3719 Aegypto
1138 3630 1196 3697 hia
1214 3651 1331 3694 memo·

299 3749 350 3796 rat
364 3732 524 3819 Origenes
540 3759 568 3801 c.
584 3739 605 3802 l.
645 3734 741 3802 Votfii
757 3753 881 3809 notam,
906 3755 989 3822 quae
1006 3738 1074 3798 huo
1085 3736 1184 3806 valet,
1208 3730 1282 3796 dedi
1296 3729 1331 3794 in

300 3851 369 3900 not.
390 3836 462 3900 crit.
484 3859 558 3923 pag.
578 3850 652 3924 304
667 3839 713 3924 sq.
765 3837 816 3904 cf.
839 3840 956 3904 Strabo
977 3853 1032 3914 17.
1054 3857 1087 3922 p.
1106 3847 1191 3916 555.
1212 3835 1328 3912 [306.

300 3935 491 4001 Harduinua
512 3940 552 4002 ad
572 3939 658 4004 Plin.
674 3943 708 4013 6,
725 3951 783 4020 34.
799 3939 822 4003 s.
841 3959 897 4020 ⁹9·
920 3954 953 4003 et
972 3939 1013 4002 ad
1032 3951 1066 4018 5,
1084 3955 1118 4018 9.
1149 3934 1330 4008 Bathiatai

300 4037 454 4123 stephan.
471 4062 504 4125 p.
515 4053 598 4120 ὅθι.
625 4043 753 4106 Eckhel
768 4041 809 4108 de
823 4063 915 4105 num.
932 4057 1050 4104 vetarr.
1067 4041 1107 4102 T.
1122 4058 1153 4101 a.
1169 4061 1202 4124 p.
1214 4037 1328 4122 295sq.

302 4137 435 4207 Graecit
453 4141 495 4206 est
516 4139 750 4221 Ἡλιούπολις,
775 4145 830 4208 vel
848 4139 952 4210 divise
969 4139 1086 4210 Ἡλίου
1108 4135 1213 4218 πόλις.
1254 4135 1329 4227 Qui·
