2696 4896
40 387 46 397 ’
182 436 538 498 annonantur.
579 435 693 494 arn.
734 405 827 498 cv.
868 436 945 506 tc·
1029 415 1143 516 ψ’

50 609 106 681 l‘a.
141 629 243 692 quam
271 611 356 673 varie
389 561 510 672 uonien
545 607 700 674 Araxiaa
729 607 893 672 veteribua
920 626 1085 695 acceptum

53 711 157 783 sunit,
193 725 228 774 et
254 732 349 793 quam
376 710 507 774 diversit
533 709 720 773 fluminibua
748 710 947 776 attributum.
999 715 1084 780 lliuc

47 814 154 896 procul
172 812 277 875 dubio
299 811 416 874 sactum
433 813 493 884 ott,
528 825 564 872 ut
582 825 683 874 cetera
701 811 831 874 flumina
847 811 966 894 Cyrua.
990 815 1083 879 Cam·

45 913 129 992 bysee
153 915 277 996 aliaque
298 915 370 977 loco
393 913 448 977 suo
464 927 550 975 mota
568 913 644 984 fiut,
674 913 799 995 alioque
823 905 985 986 obcelata,
1013 932 1081 982 eta

42 1015 146 1086 blesa,
180 1030 216 1076 et
237 1015 278 1079 ab
300 1017 385 1087 aliia.
417 1017 465 1076 uti
489 1035 526 1078 ex
548 1012 748 1095 sequentibus
770 1014 968 1078 manifestum
990 1019 1082 1082 fiet.“

39 1117 206 1180 Hactenus
231 1135 379 1188 votatva,
408 1114 500 1178 cuiue
520 1115 706 1178 sententiam
724 1116 858 1197 probant
875 1117 1027 1182 Cellariua
1046 1123 1081 1184 in

40 1217 159 1302 sleogr.
177 1232 244 1282 ant.
264 1233 296 1298 3.
314 1235 372 1289 αι,
391 1221 425 1282 6.
448 1232 480 1278 et
496 1215 693 1280 Wetntdors.
711 1220 748 1278 ad
765 1217 911 1284 Priscian.
928 1221 1078 1306 perleges.

38 1339 108 1404 pag.
127 1309 232 1398 569.ι
271 1319 390 1385 Contra
418 1319 556 1397 llayerua
580 1320 614 1380 in
639 1317 754 1382 dissert.
781 1322 821 1381 de
846 1322 1080 1406 originibuaet

38 1419 147 1502 priscie
175 1419 304 1485 sedibua
327 1420 515 1499 Scytharum
540 1423 574 1481 ln
602 1419 823 1484 Commentar.
848 1419 1079 1506 Petropollt'an.

39 1523 77 1585 T.
100 1544 132 1585 t.
155 1543 229 1608 pag.
248 1535 332 1603 393.
365 1523 416 1584 vel
442 1525 474 1583 in
499 1522 568 1585 eiua
590 1521 751 1603 oputculia
781 1543 797 1584 a
823 1523 954 1586 Klotzio
983 1525 1079 1591 editia

38 1643 67 1705 p.
86 1625 137 1704 69
154 1621 220 1705 sqq.
243 1624 426 1695 contendit,
454 1623 580 1693 amnia,
611 1642 689 1703 quae
713 1623 895 1687 Herodotua
915 1625 955 1688 de
979 1629 1078 1692 draxc

39 1723 170 1795 reserat.
207 1726 247 1787 ad
274 1725 407 1809 Volgam
434 1739 557 1786 tantum
584 1725 819 1788 accommodari
850 1725 952 1807 polle,
986 1729 1079 1794 cuiue

39 1825 217 1890 sententiae
240 1823 361 1890 accessit
378 1825 539 1889 Walcbiua
561 1829 594 1887 in
612 1839 819 1890 commentat.
835 1827 875 1889 de
892 1827 968 1906 Cyri
984 1848 1078 1913 expe·

38 1928 162 1992 ditione
178 1931 215 1990 in
231 1926 429 2014 Massagetae.
453 1927 618 2012 Goetting.
637 1928 741 2007 1767.
758 1936 792 2010 4.
839 1929 972 2013 Volgam
989 1932 1077 1994 euim
1111 1922 1112 1928 '

38 2031 113 2094 olim
137 2031 265 2092 Araxen
285 2031 398 2099 etiam,
431 2028 603 2098 [ivellus.
634 2029 719 2100 Ros,
752 2029 983 2092 nundinam
1004 2031 1076 2104 esse,

38 2130 129 2216 (pag.
147 2129 235 2214 69.)
261 2132 357 2212 idque
381 2132 495 2193 docere
516 2132 629 2192 nititur
658 2131 775 2211 exiit,
811 2151 892 2213 qnae
912 2133 951 2194 de
978 2132 1078 2201 Araxa

1 2297 2 2312 p
39 2247 184 2296 auctores
208 2245 472 2295 commemorant.
513 2231 684 2293 Aristotelia
702 2233 788 2310 (vid.
807 2231 914 2314 supra)
936 2253 1076 2298 errorem

1 2327 2 2378 ἶ
39 2349 144 2396 ortum
168 2335 232 2396 elle
256 2355 294 2396 ex
316 2337 478 2415 utrimque
500 2333 644 2394 fluminio
660 2333 842 2407 vicinitate;
884 2353 943 2396 nec
965 2336 1076 2400 Oxum

39 2435 95 2498 alle
109 2437 250 2497 Araxem
266 2437 368 2507 illum,
388 2453 452 2516 qno
470 2437 600 2497 traiecto
617 2434 719 2510 Cyrno
738 2434 917 2519 lllallagctaa
937 2437 1076 2517 petierit,

40 2539 84 2596 uti
107 2552 230 2619 putant
251 2535 373 2600 Volliua
389 2550 422 2598 et
444 2535 613 2604 Cellariua‚
645 2536 718 2616 quia
741 2535 926 2622 Massagetae
948 2537 1078 2624 longina

40 2638 75 2700 ab
90 2638 166 2700 Oxo
189 2637 370 2700 habitarint.
394 2642 445 2720 (p.
464 2639 546 2714 72.)
584 2637 655 2698 Vid.
673 2639 713 2698 de
730 2635 791 2698 boc
809 2639 927 2722 volgae
941 2641 1076 2706 nomine

40 2745 136 2802 etiam
158 2740 341 2803 Bouheaina
365 2742 398 2800 in
422 2737 489 2802 diss.
508 2739 665 2800 Herodot.
679 2757 745 2819 cap.
769 2751 821 2816 aa.
843 2759 913 2822 pag.
934 2758 1014 2821 190.
1041 2757 1077 2806 et

40 2861 116 2922 quae
140 2843 268 2902 notavit
287 2843 324 2902 ad
350 2841 505 2903 Hernrlnt.
528 2861 555 2910 t.
574 2855 657 2903 202.
682 2853 715 2901 et
732 2841 863 2904 Diodoa.
881 2841 944 2902 ste.
963 2857 995 2912 a,
1011 2851 1072 2922 43.

40 2942 224 3028 wesseling.
255 2941 407 3004 dliscnilse
424 2941 626 3004 Herodotum
643 2943 758 3002 docent
775 2938 881 3004 sontea
895 2957 927 3004 et
940 2945 1072 3010 accolae.

40 3043 120 3106 Sunt
136 3045 285 3126 quidem,
311 3065 390 3126 qnae
407 3043 444 3104 ad
462 3043 593 3126 Volgum
616 3040 725 3104 reserri
747 3039 880 3124 poffint,
904 3045 939 3104 in
961 3047 1073 3126 primia

40 3166 117 3227 quaa
131 3147 175 3208 de
201 3146 285 3207 olliia
305 3159 425 3215 narrat,
449 3157 482 3206 et
504 3142 718 3214 lffedonibua.
744 3145 861 3226 qnippe
880 3146 935 3226 qui
957 3145 1074 3208 babita-

39 3261 113 3308 runt
127 3250 167 3309 ad
186 3248 327 3310 dextram
345 3246 460 3308 Tanaia
478 3247 597 3327 ripam,
622 3245 738 3326 quibua
752 3245 912 3327 obposatot
928 3245 1075 3312 tabtntta

42 3347 223 3434 blad'agetaa
240 3347 353 3418 scribit.
379 3345 562 3424 Scytbicum
576 3365 686 3432 genua.
713 3359 842 3408 notante
857 3344 922 3428 ipso
943 3367 970 3417 ι,
989 3363 1074 3410 unt.
1100 3353 1104 3364 '

41 3449 181 3532 alliaque.
236 3451 320 3511 Hinc
341 3464 373 3512 et
393 3449 522 3530 qnidam
542 3447 721 3530 Botportrm
743 3449 775 3507 in
800 3449 849 3509 illa
870 3449 1073 3528 expeditione

41 3549 277 3636 uanagrellum.
304 3551 356 3613 vel
374 3551 496 3618 llimm,
521 3550 574 3610 etst
594 3567 702 3631 prave,
727 3548 880 3617 scribunt,
905 3549 937 3608 in
960 3549 1074 3630 quibua

42 3650 218 3714 Philostrat.
244 3653 371 3716 Heroic.
394 3671 461 3732 cap.
485 3663 518 3727 5.
559 3649 615 3710 uhi
642 3647 822 3733 Massagetas
854 3663 885 3710 et
916 3647 1074 3712 Issedonea

42 3757 227 3836 coniungit.
261 3767 293 3814 et
316 3753 499 3814 Ammianus
520 3765 576 3830 23.
600 3752 633 3815 6.
659 3771 691 3831 p.
713 3771 758 3810 m.
778 3761 859 3828 083.
912 3749 999 3811 ‘s'ttm
1022 3751 1075 3812 atti

43 3859 176 3917 omniuo
198 3856 252 3916 bic
274 3855 405 3933 Scythae
425 3867 695 3920 commemorant.
729 3852 831 3910 veluti
853 3849 960 3914 lullin.
986 3872 1014 3923 t.
1039 3863 1073 3928 8.

42 3956 203 4035 Scythiam
228 3970 334 4018 antem
356 3955 452 4037 ipsam
470 3969 502 4024 Ω,
521 3969 553 4016 o.
581 3953 619 4014 stc
637 3955 670 4013 in
689 3951 854 4013 Orientem
872 3955 990 4038 porrigi
1008 3952 1074 4015 scri-

43 4055 102 4132 bit,
128 4073 169 4121 ut
184 4058 364 4120 includatur
379 4057 418 4120 ab
435 4073 503 4120 uuo
520 4055 614 4118 latete
630 4055 753 4122 Ponto,
779 4052 818 4117 ab
837 4053 935 4118 altero
957 4059 1076 4120 mutati·

664 4155 696 4217 tt
724 4169 746 4219 a.
