2650 4896
200 407 206 418 ·
277 409 342 472 μου
549 391 713 453 uotae
751 391 1056 452 nxrcrtrrcra

279 571 321 634 de
336 587 403 653 quo
417 568 564 654 proxime
579 578 689 637 antea,
715 565 905 634 Plutarchue
920 569 954 632 in
971 566 1151 632 Alexandro
1167 587 1233 652 cap.
1249 565 1281 634 6.

280 667 382 758 ὀλίγα
403 695 433 734 κ.
451 665 567 756 riperti
589 662 748 756 trpe‘sie're
767 669 951 759 κεκτῆσθαι
965 667 1086 742 scribit,
1114 669 1164 733 sed
1179 668 1279 754 piseib

279 771 427 840 adsuetae
443 769 532 834 suisse
552 771 654 838 addit.
984 767 990 776 ’

348 965 587 1068 sedibus)
638 975 764 1040 Tamen
797 970 982 1068 eiuaiaueie
1008 973 1121 1040 tribuit
1154 974 1302 1042 Nearchut

277 1097 353 1164 pag.
376 1091 431 1154 17.
452 1073 610 1157 refertque
629 1095 662 1160 p.
684 1087 740 1152 ιθ.
759 1077 891 1138 ditiores
912 1097 950 1138 ea
972 1075 1191 1141 confecissent
1213 1077 1300 1139 halae·

277 1199 394 1241 uatum
413 1173 548 1248 ossthut.
575 1179 737 1240 tenuiores
753 1197 791 1240 ex
809 1175 904 1260 spinie
927 1175 1071 1260 piscium.
1124 1181 1173 1242 Ex
1187 1179 1300 1243 conch'u

276 1282 407 1366 tuguria
423 1279 601 1342 construere
618 1277 714 1342 resert
728 1279 860 1346 Curtiue
874 1297 910 1360 9,
933 1298 987 1351 ro,
1003 1297 1039 1362 9.

350 1483 525 1568 velant)
574 1481 646 1546 vid.
675 1479 778 1566 supra·

346 1685 507 1770 earne)
558 1687 690 1770 Spectat
707 1687 740 1750 id
755 1669 926 1771 praecipue
941 1687 1213 1772 Ichthyophagoi,
1234 1701 1301 1766 quet

278 1789 354 1852 inde
371 1808 491 1852 nomen
509 1788 629 1852 traxisse
647 1790 724 1851 dicit
739 1788 906 1852 Nearchue
927 1812 962 1875 p.
983 1805 1036 1865 17.
1054 1781 1181 1875 ἰχθύας
1202 1783 1301 1850 etrier·

276 1913 352 1964 ret,
378 1884 499 1954 καθότι
524 1912 583 1979 περ
604 1885 813 1976 κληΐζονται,
843 1892 898 1954 etsi
923 1893 1020 1953 etiam
1055 1891 1164 1954 Oritae
1189 1889 1300 1950 nulium

278 1994 378 2056 alium
394 1992 502 2054 cibum
516 1991 637 2056 novisse
651 1994 797 2056 adsumat
809 1991 935 2058 Pliniue
952 2007 984 2069 7,
1002 2008 1035 2056 Ω.
1059 2012 1158 2075 quam
1172 1987 1300 2072 piscium,

277 2113 360 2177 quat
376 2095 537 2178 unguibus
551 2091 700 2158 dissectae
716 2093 778 2158 sole
795 2109 953 2164 torreant,
979 2108 1013 2156 et
1028 2094 1068 2156 src
1081 2113 1213 2177 panem,
1237 2087 1300 2150 teste

278 2194 453 2267 Clitarcho,
480 2215 518 2258 eat
534 2195 572 2258 iit
588 2196 770 2260 conficiant.
823 2198 873 2260 De
894 2216 989 2279 pane.
1016 2199 1093 2258 item
1108 2194 1248 2280 polenta,
1268 2205 1300 2251 ex

277 2297 366 2362 tosiie
381 2294 519 2380 piscibue
534 2297 656 2358 molitis
669 2298 757 2360 idem
773 2295 938 2360 Nearchue
956 2318 987 2382 p.
1009 2299 1052 2362 re
1068 2295 1111 2380 sq.
1144 2298 1195 2358 De
1209 2301 1300 2356 came·

277 2399 377 2464 ssione
395 2401 497 2462 carnia
514 2398 666 2482 piscium,
686 2417 767 2482 quoe
783 2397 846 2463 sose
861 2399 996 2470 durant.
1019 2400 1119 2462 etiam
1133 2397 1260 2462 Cuttiae
1271 2409 1299 2472 9,

284 2521 340 2574 ro.
370 2519 426 2564 ιο.
473 2501 523 2562 De
546 2499 663 2570 modo,
692 2520 759 2582 quo
782 2499 881 2584 piscee
902 2503 1053 2584 cupiunt,
1085 2500 1171 2564 aesiu
1196 2513 1299 2576 nempe

277 2602 374 2664 maris
390 2601 569 2671 recedente.
585 2600 750 2664 Nearchus
764 2622 797 2685 p.
814 2617 869 2679 17.
888 2616 921 2665 et
937 2603 1098 2665 Diodorus
1114 2615 1148 2681 3,
1169 2613 1222 2678 15.
1244 2613 1298 2678 quo

277 2699 415 2764 farinam
432 2703 614 2774 conficiunt,
633 2703 768 2768 Diodot.
781 2717 812 2785 5,
829 2700 883 2768 16.
910 2722 950 2766 ex
967 2704 1201 2788 Agatharchide
1217 2698 1299 2762 maxi·

212 2812 216 2820 ’
277 2825 332 2867 me
353 2805 393 2864 de
414 2803 496 2863 muri
516 2803 614 2866 rubro
632 2824 705 2890 pag.
724 2818 783 2884 ass.
806 2801 952 2890 (Huds.)
973 2807 1127 2888 pluribus.
1181 2805 1300 2871 iduare

277 2906 420 2968 maxime
442 2905 506 2966 sieri
531 2907 563 2966 in
585 2905 770 2990 regionibus
793 2904 936 2977 desertis,
963 2907 1019 2968 ubi
1039 2907 1176 2990 penuria
1197 2905 1230 2966 fit
1248 2901 1299 2962 sru-

278 3009 400 3078 menti,
426 3008 516 3068 cuine
531 3003 638 3068 vicem
654 3005 839 3090 praebeant,
861 3009 1008 3072 adfirmat
1025 3007 1235 3089 Nearchutp.
1254 3013 1300 3078 ιθ.

279 3109 451 3191 Dupiicem
471 3113 750 3171 tamentationem
766 3111 850 3170 idem
865 3109 901 3170 ad
908 3108 967 3171 sert
982 3131 1014 3192 p.
1032 3123 1085 3186 15.
1121 3111 1188 3193 Qui
1203 3104 1298 3168 versut

279 3211 385 3274 Oritas
408 3221 513 3278 etant,
546 3209 649 3272 crudis
676 3209 810 3291 piscibue
837 3211 1016 3281 ciebantur,
1051 3213 1106 3294 qui
1132 3207 1299 3274 Carmaniie

277 3325 369 3376 erant
389 3313 598 3382 contermini,
626 3312 726 3373 assatis
750 3314 782 3372 in
805 3314 942 3376 clibano.
995 3316 1044 3374 De
1061 3326 1196 3395 utroque
1212 3310 1300 3370 etiam

254 3453 259 3470 .
278 3414 415 3482 Diodor.
435 3427 467 3491 5.
491 3413 531 3474 16
550 3411 610 3494 sqq.
634 3413 805 3478 Pecorihue
820 3417 899 3477 atico
914 3413 1066 3477 stramenti
1088 3416 1159 3477 loco
1176 3411 1298 3474 farinam

280 3515 391 3584 abiici,
421 3528 514 3574 antea
539 3517 659 3575 dictum
683 3514 736 3576 esi.
792 3517 1006 3578 Alexandrum
1030 3535 1143 3590 ompee
1164 3513 1299 3592 Ichthyo-

277 3618 402 3702 phagoe
423 3611 558 3696 piscibue
582 3617 690 3677 rivere
714 3616 858 3686 vetuisse.
887 3616 982 3679 resert
1004 3617 1088 3682 Psin.
1107 3619 1139 3688 6.
1159 3631 1214 3695 25.
1230 3628 1298 3674 extr.

278 3717 300 3780 s.
321 3732 378 3796 23.
402 3731 487 3780 etex
504 3735 541 3778 eo
558 3717 659 3778 Sosin.
678 3737 747 3800 cup.
765 3731 823 3796 57.
835 3717 853 3780 s.
866 3730 925 3796 54.
965 3719 1075 3800 Neque
1093 3733 1199 3780 tamen
1215 3712 1298 3778 notri

279 3819 518 3901 Ichthyophagi
538 3838 609 3879 cnm
628 3819 908 3882 aiiiecummisceri
925 3821 1054 3889 dehent,
1077 3823 1131 3902 qui
1153 3822 1190 3880 ad
1208 3819 1297 3879 sinum

280 3921 450 3984 Arabicum
469 3921 511 3979 ah
528 3923 663 3981 Arriano
678 3921 710 3980 in
733 3923 855 4003 periplo
869 3923 955 3982 rubri
972 3924 1066 3982 marie
1082 3933 1250 4003 ponuntur,
1270 3927 1298 3976 et

280 4022 321 4088 ab
339 4020 571 4106 Agatharchitie
594 4043 625 4104 p.
644 4031 701 4097 27.
720 4021 859 4105 (Huds.)
882 4039 914 4084 et
934 4025 1077 4086 Diodoro
1097 4036 1129 4104 3,
1157 4037 1210 4100 15.
1231 4015 1295 4079 inde

177 4136 180 4148 ¹
280 4123 322 4191 ad
339 4121 544 4189 Carmaniam
561 4137 594 4184 et
611 4123 794 4186 Gedrosram
811 4125 1037 4188 extenduntur.
1074 4127 1110 4185 in
1129 4125 1198 4188 aliie
1211 4121 1297 4186 ctiam
