<?xml version="1.0" encoding="UTF-8"?>
<!DOCTYPE html PUBLIC "-//W3C//DTD XHTML 1.0 Transitional//EN"
    "http://www.w3.org/TR/xhtml1/DTD/xhtml1-transitional.dtd">
<html xmlns="http://www.w3.org/1999/xhtml" xml:lang="en" lang="en">
 <head>
  <title>
</title>
<meta http-equiv="Content-Type" content="text/html;charset=utf-8" />
  <meta name='ocr-system' content='tesseract 3.04.00' />
  <meta name='ocr-capabilities' content='ocr_page ocr_carea ocr_par ocr_line ocrx_word'/>
</head>
<body>
  <div class='ocr_page' id='page_1' title='image "./pomponiimelaede03melagoog_0260.png"; bbox 0 0 2650 4896; ppageno 0'>
   <div class='ocr_carea' id='block_1_1' title="bbox 245 391 1018 472">
    <p class='ocr_par' dir='ltr' id='par_1_1' title="bbox 245 391 1018 472">
     <span class='ocr_line' id='line_1_1' title="bbox 245 391 1018 472; baseline -0.005 -18"><span class='ocrx_word' id='word_1_1' title='bbox 245 402 308 472; x_wconf 76' lang='lat'>254</span> <span class='ocrx_word' id='word_1_2' title='bbox 515 393 674 453; x_wconf 74' lang='lat' dir='ltr'>uonna</span> <span class='ocrx_word' id='word_1_3' title='bbox 714 391 1018 452; x_wconf 70' lang='lat' dir='ltr'>excommun</span> 
     </span>
    </p>
   </div>
   <div class='ocr_carea' id='block_1_2' title="bbox 183 564 1291 3883">
    <p class='ocr_par' dir='ltr' id='par_1_2' title="bbox 183 564 1291 3883">
     <span class='ocr_line' id='line_1_2' title="bbox 243 564 1289 653; baseline -0.007 -18"><span class='ocrx_word' id='word_1_4' title='bbox 243 567 366 635; x_wconf 72' lang='lat' dir='ltr'>montio</span> <span class='ocrx_word' id='word_1_5' title='bbox 388 566 479 632; x_wconf 88' lang='lat' dir='ltr'>Curt.</span> <span class='ocrx_word' id='word_1_6' title='bbox 498 579 531 646; x_wconf 78' lang='grc'>5,</span> <span class='ocrx_word' id='word_1_7' title='bbox 559 585 615 641; x_wconf 78' lang='lat' dir='ltr'>aa,</span> <span class='ocrx_word' id='word_1_8' title='bbox 636 585 694 634; x_wconf 81' lang='lat' dir='ltr'>to.</span> <span class='ocrx_word' id='word_1_9' title='bbox 730 567 842 632; x_wconf 79' lang='lat' dir='ltr'>Strabo</span> <span class='ocrx_word' id='word_1_10' title='bbox 863 579 919 645; x_wconf 84' lang='lat'>15.</span> <span class='ocrx_word' id='word_1_11' title='bbox 940 589 1012 653; x_wconf 79' lang='lat' dir='ltr'>pag.</span> <span class='ocrx_word' id='word_1_12' title='bbox 1036 576 1120 650; x_wconf 80' lang='grc'><strong>479.</strong></span> <span class='ocrx_word' id='word_1_13' title='bbox 1142 564 1169 630; x_wconf 78' lang='lat'>1.</span> <span class='ocrx_word' id='word_1_14' title='bbox 1196 567 1289 646; x_wconf 73' lang='lat'><strong>637.</strong></span> 
     </span>
     <span class='ocr_line' id='line_1_3' title="bbox 244 668 1291 748; baseline -0.006 -16"><span class='ocrx_word' id='word_1_15' title='bbox 244 673 368 737; x_wconf 80' lang='lat' dir='ltr'>Arrian.</span> <span class='ocrx_word' id='word_1_16' title='bbox 385 671 419 730; x_wconf 91' lang='lat' dir='ltr'>iu</span> <span class='ocrx_word' id='word_1_17' title='bbox 435 671 535 732; x_wconf 88' lang='lat' dir='ltr'>indic.</span> <span class='ocrx_word' id='word_1_18' title='bbox 553 689 579 733; x_wconf 90' lang='lat' dir='ltr'>c.</span> <span class='ocrx_word' id='word_1_19' title='bbox 602 691 630 733; x_wconf 87' lang='lat' dir='ltr'>t.</span> <span class='ocrx_word' id='word_1_20' title='bbox 662 672 711 732; x_wconf 86' lang='lat' dir='ltr'>Ex</span> <span class='ocrx_word' id='word_1_21' title='bbox 725 671 831 732; x_wconf 83' lang='lat' dir='ltr'><strong>Plinio</strong></span> <span class='ocrx_word' id='word_1_22' title='bbox 847 684 954 732; x_wconf 88' lang='lat' dir='ltr'>autem</span> <span class='ocrx_word' id='word_1_23' title='bbox 972 673 1005 740; x_wconf 87' lang='grc'>6.</span> <span class='ocrx_word' id='word_1_24' title='bbox 1022 684 1080 748; x_wconf 77' lang='grc'><strong>95.</strong></span> <span class='ocrx_word' id='word_1_25' title='bbox 1098 668 1118 730; x_wconf 82' lang='lat' dir='ltr'>i.</span> <span class='ocrx_word' id='word_1_26' title='bbox 1134 685 1196 730; x_wconf 79' lang='lat'>21.</span> <span class='ocrx_word' id='word_1_27' title='bbox 1220 669 1291 729; x_wconf 87' lang='lat' dir='ltr'>elu-</span> 
     </span>
     <span class='ocr_line' id='line_1_4' title="bbox 246 767 1289 852; baseline -0.007 -15"><span class='ocrx_word' id='word_1_28' title='bbox 246 787 307 843; x_wconf 84' lang='lat' dir='ltr'>cet,</span> <span class='ocrx_word' id='word_1_29' title='bbox 331 773 451 852; x_wconf 77' lang='lat' dir='ltr'>aliquot</span> <span class='ocrx_word' id='word_1_30' title='bbox 472 771 509 831; x_wconf 88' lang='lat' dir='ltr'>ad</span> <span class='ocrx_word' id='word_1_31' title='bbox 528 772 651 834; x_wconf 87' lang='lat' dir='ltr'>indiam</span> <span class='ocrx_word' id='word_1_32' title='bbox 666 767 739 834; x_wconf 85' lang='lat' dir='ltr'>ideo</span> <span class='ocrx_word' id='word_1_33' title='bbox 753 791 819 832; x_wconf 91' lang='lat' dir='ltr'>non</span> <span class='ocrx_word' id='word_1_34' title='bbox 835 771 981 841; x_wconf 79' lang='lat' dir='ltr'>retulisse,</span> <span class='ocrx_word' id='word_1_35' title='bbox 1008 771 1081 852; x_wconf 89' lang='lat' dir='ltr'>quia</span> <span class='ocrx_word' id='word_1_36' title='bbox 1097 773 1135 831; x_wconf 90' lang='lat' dir='ltr'>ad</span> <span class='ocrx_word' id='word_1_37' title='bbox 1155 769 1289 850; x_wconf 87' lang='lat' dir='ltr'>Cophe-</span> 
     </span>
     <span class='ocr_line' id='line_1_5' title="bbox 244 868 1290 954; baseline -0.004 -19"><span class='ocrx_word' id='word_1_38' title='bbox 244 893 321 936; x_wconf 86' lang='lat' dir='ltr'>nem</span> <span class='ocrx_word' id='word_1_39' title='bbox 339 871 373 934; x_wconf 82' lang='lat' dir='ltr'>it.</span> <span class='ocrx_word' id='word_1_40' title='bbox 390 870 454 932; x_wconf 77' lang='lat' dir='ltr'>fuit</span> <span class='ocrx_word' id='word_1_41' title='bbox 470 871 538 943; x_wconf 79' lang='lat' dir='ltr'>lita.</span> <span class='ocrx_word' id='word_1_42' title='bbox 568 893 664 954; x_wconf 90' lang='lat' dir='ltr'>quem</span> <span class='ocrx_word' id='word_1_43' title='bbox 685 870 759 935; x_wconf 87' lang='lat' dir='ltr'>facit</span> <span class='ocrx_word' id='word_1_44' title='bbox 779 873 888 935; x_wconf 81' lang='lat' dir='ltr'>Indiae</span> <span class='ocrx_word' id='word_1_45' title='bbox 911 875 1095 935; x_wconf 88' lang='lat' dir='ltr'>terminum.</span> <span class='ocrx_word' id='word_1_46' title='bbox 1158 868 1290 932; x_wconf 77' lang='lat' dir='ltr'><strong>Diserte</strong></span> 
     </span>
     <span class='ocr_line' id='line_1_6' title="bbox 245 971 1289 1058; baseline -0.006 -21"><span class='ocrx_word' id='word_1_47' title='bbox 245 975 341 1038; x_wconf 88' lang='lat' dir='ltr'>etiam</span> <span class='ocrx_word' id='word_1_48' title='bbox 356 986 450 1058; x_wconf 79' lang='lat' dir='ltr'>negat</span> <span class='ocrx_word' id='word_1_49' title='bbox 465 973 586 1036; x_wconf 79' lang='lat' dir='ltr'>Atrian.</span> <span class='ocrx_word' id='word_1_50' title='bbox 603 975 638 1034; x_wconf 87' lang='lat' dir='ltr'>in</span> <span class='ocrx_word' id='word_1_51' title='bbox 652 976 722 1037; x_wconf 88' lang='lat' dir='ltr'>ind.</span> <span class='ocrx_word' id='word_1_52' title='bbox 741 995 767 1036; x_wconf 90' lang='lat' dir='ltr'>c.</span> <span class='ocrx_word' id='word_1_53' title='bbox 782 975 802 1035; x_wconf 88' lang='lat' dir='ltr'>i.</span> <span class='ocrx_word' id='word_1_54' title='bbox 828 971 967 1053; x_wconf 69' lang='lat' dir='ltr'>Nysaeos</span> <span class='ocrx_word' id='word_1_55' title='bbox 990 975 1130 1034; x_wconf 85' lang='lat' dir='ltr'>indicam</span> <span class='ocrx_word' id='word_1_56' title='bbox 1149 987 1289 1055; x_wconf 80' lang='lat' dir='ltr'>gentem</span> 
     </span>
     <span class='ocr_line' id='line_1_7' title="bbox 246 1071 1289 1160; baseline -0.004 -23"><span class='ocrx_word' id='word_1_57' title='bbox 246 1073 351 1146; x_wconf 73' lang='lat' dir='ltr'>duilio,</span> <span class='ocrx_word' id='word_1_58' title='bbox 378 1073 429 1136; x_wconf 81' lang='lat' dir='ltr'>ieri</span> <span class='ocrx_word' id='word_1_59' title='bbox 447 1094 486 1134; x_wconf 86' lang='lat' dir='ltr'>ex</span> <span class='ocrx_word' id='word_1_60' title='bbox 509 1071 597 1136; x_wconf 81' lang='lat' dir='ltr'>India</span> <span class='ocrx_word' id='word_1_61' title='bbox 619 1077 777 1160; x_wconf 81' lang='lat' dir='ltr'>originem</span> <span class='ocrx_word' id='word_1_62' title='bbox 800 1088 926 1137; x_wconf 88' lang='lat' dir='ltr'>tantum</span> <span class='ocrx_word' id='word_1_63' title='bbox 948 1074 1078 1136; x_wconf 82' lang='lat' dir='ltr'>traxiiie.</span> <span class='ocrx_word' id='word_1_64' title='bbox 1120 1073 1289 1135; x_wconf 83' lang='lat' dir='ltr'>Pandaeo·</span> 
     </span>
     <span class='ocr_line' id='line_1_8' title="bbox 240 1173 1289 1262; baseline -0.006 -24"><span class='ocrx_word' id='word_1_65' title='bbox 240 1195 320 1238; x_wconf 77' lang='lat' dir='ltr'>‘rum</span> <span class='ocrx_word' id='word_1_66' title='bbox 340 1176 428 1262; x_wconf 77' lang='lat' dir='ltr'>genti</span> <span class='ocrx_word' id='word_1_67' title='bbox 444 1178 497 1237; x_wconf 87' lang='lat' dir='ltr'>dat</span> <span class='ocrx_word' id='word_1_68' title='bbox 512 1176 611 1242; x_wconf 87' lang='lat' dir='ltr'>Solin.</span> <span class='ocrx_word' id='word_1_69' title='bbox 629 1195 655 1238; x_wconf 89' lang='lat' dir='ltr'>c.</span> <span class='ocrx_word' id='word_1_70' title='bbox 674 1189 732 1252; x_wconf 85' lang='grc'><strong>59.</strong></span> <span class='ocrx_word' id='word_1_71' title='bbox 748 1175 769 1238; x_wconf 83' lang='lat' dir='ltr'>s.</span> <span class='ocrx_word' id='word_1_72' title='bbox 787 1187 846 1252; x_wconf 84' lang='lat'>55.</span> <span class='ocrx_word' id='word_1_73' title='bbox 870 1195 1008 1256; x_wconf 86' lang='lat' dir='ltr'>quocum</span> <span class='ocrx_word' id='word_1_74' title='bbox 1025 1174 1183 1236; x_wconf 78' lang='lat' dir='ltr'>consentit</span> <span class='ocrx_word' id='word_1_75' title='bbox 1202 1173 1289 1233; x_wconf 84' lang='lat' dir='ltr'>Mar·</span> 
     </span>
     <span class='ocr_line' id='line_1_9' title="bbox 183 1275 1291 1362; baseline -0.005 -22"><span class='ocrx_word' id='word_1_76' title='bbox 183 1289 185 1294; x_wconf 87' lang='grc'><strong>’</strong></span> <span class='ocrx_word' id='word_1_77' title='bbox 245 1281 351 1340; x_wconf 66' lang='grc' dir='ltr'><strong>ιίιηιιε</strong></span> <span class='ocrx_word' id='word_1_78' title='bbox 366 1276 398 1340; x_wconf 88' lang='grc'><strong>6.</strong></span> <span class='ocrx_word' id='word_1_79' title='bbox 420 1297 452 1359; x_wconf 88' lang='lat' dir='ltr'>p.</span> <span class='ocrx_word' id='word_1_80' title='bbox 470 1285 554 1358; x_wconf 78' lang='lat'>224.</span> <span class='ocrx_word' id='word_1_81' title='bbox 592 1277 728 1338; x_wconf 88' lang='lat' dir='ltr'>Pandaei</span> <span class='ocrx_word' id='word_1_82' title='bbox 743 1291 849 1338; x_wconf 88' lang='lat' dir='ltr'>autem</span> <span class='ocrx_word' id='word_1_83' title='bbox 865 1279 951 1338; x_wconf 85' lang='lat' dir='ltr'>iuxta</span> <span class='ocrx_word' id='word_1_84' title='bbox 966 1277 1143 1362; x_wconf 78' lang='lat' dir='ltr'>Sogdianos</span> <span class='ocrx_word' id='word_1_85' title='bbox 1164 1275 1291 1335; x_wconf 81' lang='lat' dir='ltr'>habite·</span> 
     </span>
     <span class='ocr_line' id='line_1_10' title="bbox 246 1376 1288 1467; baseline -0.003 -26"><span class='ocrx_word' id='word_1_86' title='bbox 246 1394 342 1450; x_wconf 86' lang='lat' dir='ltr'>runt,</span> <span class='ocrx_word' id='word_1_87' title='bbox 368 1379 421 1440; x_wconf 87' lang='lat' dir='ltr'>vei</span> <span class='ocrx_word' id='word_1_88' title='bbox 437 1378 475 1438; x_wconf 88' lang='lat' dir='ltr'>iie</span> <span class='ocrx_word' id='word_1_89' title='bbox 490 1380 568 1440; x_wconf 86' lang='lat' dir='ltr'>adeo</span> <span class='ocrx_word' id='word_1_90' title='bbox 590 1376 806 1439; x_wconf 78' lang='lat' dir='ltr'>adscribuntur</span> <span class='ocrx_word' id='word_1_91' title='bbox 820 1397 836 1438; x_wconf 88' lang='lat' dir='ltr'>a</span> <span class='ocrx_word' id='word_1_92' title='bbox 852 1378 997 1439; x_wconf 81' lang='lat' dir='ltr'>SalmaIio</span> <span class='ocrx_word' id='word_1_93' title='bbox 1014 1379 1052 1438; x_wconf 91' lang='lat' dir='ltr'>ad</span> <span class='ocrx_word' id='word_1_94' title='bbox 1068 1377 1172 1440; x_wconf 87' lang='lat' dir='ltr'>Solio.</span> <span class='ocrx_word' id='word_1_95' title='bbox 1190 1397 1224 1467; x_wconf 77' lang='lat' dir='ltr'>p.</span> <span class='ocrx_word' id='word_1_96' title='bbox 1241 1396 1288 1438; x_wconf 87' lang='lat' dir='ltr'>m.</span> 
     </span>
     <span class='ocr_line' id='line_1_11' title="bbox 249 1477 1288 1564; baseline -0.008 -20"><span class='ocrx_word' id='word_1_97' title='bbox 249 1497 334 1557; x_wconf 88' lang='lat'>700.</span> <span class='ocrx_word' id='word_1_98' title='bbox 358 1479 414 1540; x_wconf 90' lang='lat' dir='ltr'>ubi</span> <span class='ocrx_word' id='word_1_99' title='bbox 433 1479 521 1558; x_wconf 85' lang='lat' dir='ltr'>plura</span> <span class='ocrx_word' id='word_1_100' title='bbox 542 1479 680 1564; x_wconf 78' lang='lat' dir='ltr'>conlegit</span> <span class='ocrx_word' id='word_1_101' title='bbox 696 1481 736 1541; x_wconf 88' lang='lat' dir='ltr'>tie</span> <span class='ocrx_word' id='word_1_102' title='bbox 751 1479 914 1541; x_wconf 84' lang='lat' dir='ltr'>Pandaeie.</span> <span class='ocrx_word' id='word_1_103' title='bbox 964 1479 1168 1547; x_wconf 83' lang='lat' dir='ltr'>Ptolemaeo,</span> <span class='ocrx_word' id='word_1_104' title='bbox 1196 1477 1288 1558; x_wconf 88' lang='lat' dir='ltr'>quod</span> 
     </span>
     <span class='ocr_line' id='line_1_12' title="bbox 247 1577 1289 1672; baseline -0.009 -27"><span class='ocrx_word' id='word_1_105' title='bbox 247 1583 321 1672; x_wconf 74' lang='lat' dir='ltr'>eddi</span> <span class='ocrx_word' id='word_1_106' title='bbox 343 1577 451 1661; x_wconf 74' lang='lat' dir='ltr'>posin,</span> <span class='ocrx_word' id='word_1_107' title='bbox 485 1579 557 1640; x_wconf 84' lang='lat' dir='ltr'>sunt</span> <span class='ocrx_word' id='word_1_108' title='bbox 582 1579 711 1640; x_wconf 82' lang='lat' dir='ltr'>Pandot&#39;</span> <span class='ocrx_word' id='word_1_109' title='bbox 736 1579 757 1642; x_wconf 84' lang='lat' dir='ltr'>i.</span> <span class='ocrx_word' id='word_1_110' title='bbox 783 1579 937 1641; x_wconf 82' lang='lat' dir='ltr'>Pandovt&#39;</span> <span class='ocrx_word' id='word_1_111' title='bbox 968 1582 1002 1639; x_wconf 90' lang='lat' dir='ltr'>in</span> <span class='ocrx_word' id='word_1_112' title='bbox 1028 1581 1099 1644; x_wconf 91' lang='lat' dir='ltr'>cod.</span> <span class='ocrx_word' id='word_1_113' title='bbox 1126 1580 1226 1640; x_wconf 84' lang='lat' dir='ltr'>Paiat.</span> <span class='ocrx_word' id='word_1_114' title='bbox 1254 1590 1289 1637; x_wconf 86' lang='lat' dir='ltr'>et</span> 
     </span>
     <span class='ocr_line' id='line_1_13' title="bbox 246 1666 1289 1766; baseline -0.006 -22"><span class='ocrx_word' id='word_1_115' title='bbox 246 1701 346 1766; x_wconf 87' lang='lat' dir='ltr'>prope</span> <span class='ocrx_word' id='word_1_116' title='bbox 363 1680 543 1764; x_wconf 83' lang='lat' dir='ltr'>Hydaspen.</span> <span class='ocrx_word' id='word_1_117' title='bbox 586 1681 669 1744; x_wconf 89' lang='lat' dir='ltr'>Cum</span> <span class='ocrx_word' id='word_1_118' title='bbox 685 1681 768 1762; x_wconf 89' lang='lat' dir='ltr'>apud</span> <span class='ocrx_word' id='word_1_119' title='bbox 784 1666 1014 1742; x_wconf 87' lang='lat' dir='ltr'>eundemurbe</span> <span class='ocrx_word' id='word_1_120' title='bbox 1031 1681 1171 1760; x_wconf 83' lang='lat' dir='ltr'><strong><em>Nagara</em></strong></span> <span class='ocrx_word' id='word_1_121' title='bbox 1187 1681 1289 1741; x_wconf 86' lang='lat' dir='ltr'>etiam</span> 
     </span>
     <span class='ocr_line' id='line_1_14' title="bbox 249 1779 1289 1864; baseline -0.007 -18"><span class='ocrx_word' id='word_1_122' title='bbox 249 1782 490 1864; x_wconf 83' lang='lat' dir='ltr'>Dionystopoiia</span> <span class='ocrx_word' id='word_1_123' title='bbox 510 1785 641 1854; x_wconf 84' lang='lat' dir='ltr'>dicatur,</span> <span class='ocrx_word' id='word_1_124' title='bbox 664 1784 716 1844; x_wconf 83' lang='lat' dir='ltr'>vel</span> <span class='ocrx_word' id='word_1_125' title='bbox 733 1781 843 1844; x_wconf 91' lang='lat' dir='ltr'>eadem</span> <span class='ocrx_word' id='word_1_126' title='bbox 860 1782 911 1850; x_wconf 83' lang='lat' dir='ltr'>est.</span> <span class='ocrx_word' id='word_1_127' title='bbox 935 1801 1013 1862; x_wconf 89' lang='lat' dir='ltr'>qnae</span> <span class='ocrx_word' id='word_1_128' title='bbox 1029 1779 1120 1858; x_wconf 83' lang='lat' dir='ltr'>Nysa,</span> <span class='ocrx_word' id='word_1_129' title='bbox 1143 1781 1198 1841; x_wconf 82' lang='lat' dir='ltr'>vel</span> <span class='ocrx_word' id='word_1_130' title='bbox 1215 1799 1289 1841; x_wconf 87' lang='lat' dir='ltr'>non</span> 
     </span>
     <span class='ocr_line' id='line_1_15' title="bbox 248 1881 1288 1969; baseline -0.006 -23"><span class='ocrx_word' id='word_1_131' title='bbox 248 1885 360 1969; x_wconf 86' lang='lat' dir='ltr'>procul</span> <span class='ocrx_word' id='word_1_132' title='bbox 379 1885 454 1953; x_wconf 83' lang='lat' dir='ltr'>inde</span> <span class='ocrx_word' id='word_1_133' title='bbox 477 1884 597 1954; x_wconf 75' lang='lat' dir='ltr'>dissita,</span> <span class='ocrx_word' id='word_1_134' title='bbox 629 1897 662 1946; x_wconf 87' lang='lat' dir='ltr'>et</span> <span class='ocrx_word' id='word_1_135' title='bbox 686 1883 718 1944; x_wconf 91' lang='lat' dir='ltr'>h.</span> <span class='ocrx_word' id='word_1_136' title='bbox 740 1884 867 1944; x_wconf 86' lang='lat' dir='ltr'>videtur</span> <span class='ocrx_word' id='word_1_137' title='bbox 889 1881 949 1944; x_wconf 82' lang='lat' dir='ltr'>effe</span> <span class='ocrx_word' id='word_1_138' title='bbox 964 1881 1098 1962; x_wconf 60' lang='lat' dir='ltr'>Negram</span> <span class='ocrx_word' id='word_1_139' title='bbox 1131 1901 1229 1962; x_wconf 85' lang='lat' dir='ltr'>quam</span> <span class='ocrx_word' id='word_1_140' title='bbox 1254 1893 1288 1942; x_wconf 86' lang='lat' dir='ltr'>et</span> 
     </span>
     <span class='ocr_line' id='line_1_16' title="bbox 250 1983 1290 2070; baseline -0.006 -22"><span class='ocrx_word' id='word_1_141' title='bbox 250 1985 623 2070; x_wconf 81' lang='lat' dir='ltr'>GeographiTurcorum</span> <span class='ocrx_word' id='word_1_142' title='bbox 639 1987 672 2045; x_wconf 91' lang='lat' dir='ltr'>in</span> <span class='ocrx_word' id='word_1_143' title='bbox 688 1985 803 2046; x_wconf 89' lang='lat' dir='ltr'>eodem</span> <span class='ocrx_word' id='word_1_144' title='bbox 821 1997 921 2046; x_wconf 80' lang='lat' dir='ltr'>tractu</span> <span class='ocrx_word' id='word_1_145' title='bbox 933 1983 1111 2052; x_wconf 86' lang='lat' dir='ltr'>oiiendunt,</span> <span class='ocrx_word' id='word_1_146' title='bbox 1134 1996 1171 2044; x_wconf 90' lang='lat' dir='ltr'>ut</span> <span class='ocrx_word' id='word_1_147' title='bbox 1188 1984 1290 2042; x_wconf 88' lang='lat' dir='ltr'>docet</span> 
     </span>
     <span class='ocr_line' id='line_1_17' title="bbox 249 2083 1291 2168; baseline -0.008 -18"><span class='ocrx_word' id='word_1_148' title='bbox 249 2087 409 2150; x_wconf 79' lang='lat' dir='ltr'>d’iinviile</span> <span class='ocrx_word' id='word_1_149' title='bbox 432 2107 464 2168; x_wconf 88' lang='lat' dir='ltr'>p.</span> <span class='ocrx_word' id='word_1_150' title='bbox 485 2105 525 2146; x_wconf 86' lang='grc' dir='ltr'>ιο</span> <span class='ocrx_word' id='word_1_151' title='bbox 543 2085 606 2166; x_wconf 83' lang='lat' dir='ltr'>sqq.</span> <span class='ocrx_word' id='word_1_152' title='bbox 623 2105 649 2150; x_wconf 90' lang='lat' dir='ltr'>c.</span> <span class='ocrx_word' id='word_1_153' title='bbox 666 2087 687 2149; x_wconf 93' lang='grc'><strong>1.</strong></span> <span class='ocrx_word' id='word_1_154' title='bbox 715 2087 747 2146; x_wconf 93' lang='lat' dir='ltr'>in</span> <span class='ocrx_word' id='word_1_155' title='bbox 764 2105 828 2166; x_wconf 94' lang='lat' dir='ltr'>quo</span> <span class='ocrx_word' id='word_1_156' title='bbox 845 2101 950 2147; x_wconf 87' lang='lat' dir='ltr'>tamen</span> <span class='ocrx_word' id='word_1_157' title='bbox 965 2086 1114 2146; x_wconf 80' lang='lat' dir='ltr'>renititur</span> <span class='ocrx_word' id='word_1_158' title='bbox 1132 2083 1291 2144; x_wconf 81' lang='lat' dir='ltr'>Manuert</span> 
     </span>
     <span class='ocr_line' id='line_1_18' title="bbox 247 2185 1290 2272; baseline -0.006 -22"><span class='ocrx_word' id='word_1_159' title='bbox 247 2189 281 2250; x_wconf 89' lang='lat' dir='ltr'>iu</span> <span class='ocrx_word' id='word_1_160' title='bbox 300 2187 416 2268; x_wconf 79' lang='lat' dir='ltr'>Geogr.</span> <span class='ocrx_word' id='word_1_161' title='bbox 434 2188 473 2248; x_wconf 89' lang='grc' dir='ltr'>Τ.</span> <span class='ocrx_word' id='word_1_162' title='bbox 490 2198 525 2262; x_wconf 91' lang='grc'><strong>5.</strong></span> <span class='ocrx_word' id='word_1_163' title='bbox 541 2205 572 2266; x_wconf 89' lang='lat' dir='ltr'>p.</span> <span class='ocrx_word' id='word_1_164' title='bbox 593 2197 651 2264; x_wconf 76' lang='lat'>58.</span> <span class='ocrx_word' id='word_1_165' title='bbox 704 2189 742 2248; x_wconf 90' lang='lat' dir='ltr'>ln</span> <span class='ocrx_word' id='word_1_166' title='bbox 763 2186 960 2272; x_wconf 84' lang='lat' dir='ltr'>Geographia</span> <span class='ocrx_word' id='word_1_167' title='bbox 978 2185 1103 2255; x_wconf 84' lang='lat' dir='ltr'>indiae.</span> <span class='ocrx_word' id='word_1_168' title='bbox 1128 2205 1208 2266; x_wconf 89' lang='lat' dir='ltr'>quae</span> <span class='ocrx_word' id='word_1_169' title='bbox 1224 2185 1290 2245; x_wconf 86' lang='lat' dir='ltr'>Ta·</span> 
     </span>
     <span class='ocr_line' id='line_1_19' title="bbox 248 2284 1288 2370; baseline -0.001 -21"><span class='ocrx_word' id='word_1_170' title='bbox 248 2287 365 2350; x_wconf 83' lang='lat' dir='ltr'>mulina</span> <span class='ocrx_word' id='word_1_171' title='bbox 386 2287 494 2370; x_wconf 87' lang='lat' dir='ltr'>lingua</span> <span class='ocrx_word' id='word_1_172' title='bbox 509 2284 617 2369; x_wconf 81' lang='lat' dir='ltr'>scripta</span> <span class='ocrx_word' id='word_1_173' title='bbox 633 2287 693 2358; x_wconf 83' lang='lat' dir='ltr'>est,</span> <span class='ocrx_word' id='word_1_174' title='bbox 719 2301 752 2349; x_wconf 92' lang='lat' dir='ltr'>et</span> <span class='ocrx_word' id='word_1_175' title='bbox 771 2288 922 2366; x_wconf 81' lang='lat' dir='ltr'>aBayero</span> <span class='ocrx_word' id='word_1_176' title='bbox 939 2289 972 2347; x_wconf 91' lang='lat' dir='ltr'>in</span> <span class='ocrx_word' id='word_1_177' title='bbox 988 2285 1055 2346; x_wconf 85' lang='lat' dir='ltr'>hist.</span> <span class='ocrx_word' id='word_1_178' title='bbox 1072 2288 1161 2370; x_wconf 80' lang='lat' dir='ltr'>regni</span> <span class='ocrx_word' id='word_1_179' title='bbox 1179 2286 1288 2348; x_wconf 85' lang='lat' dir='ltr'>Bactr.</span> 
     </span>
     <span class='ocr_line' id='line_1_20' title="bbox 247 2378 1288 2478; baseline -0.002 -29"><span class='ocrx_word' id='word_1_180' title='bbox 247 2408 320 2472; x_wconf 84' lang='lat' dir='ltr'>pag.</span> <span class='ocrx_word' id='word_1_181' title='bbox 337 2397 369 2469; x_wconf 76' lang='grc'><strong>4.</strong></span> <span class='ocrx_word' id='word_1_182' title='bbox 388 2384 429 2467; x_wconf 85' lang='lat' dir='ltr'>sq.</span> <span class='ocrx_word' id='word_1_183' title='bbox 453 2388 631 2472; x_wconf 86' lang='lat' dir='ltr'>adlegatur,</span> <span class='ocrx_word' id='word_1_184' title='bbox 668 2390 791 2450; x_wconf 89' lang='lat' dir='ltr'>mentio</span> <span class='ocrx_word' id='word_1_185' title='bbox 822 2390 858 2449; x_wconf 79' lang='lat' dir='ltr'>stt</span> <span class='ocrx_word' id='word_1_186' title='bbox 890 2387 977 2478; x_wconf 75' lang='lat' dir='ltr'>urbia</span> <span class='ocrx_word' id='word_1_187' title='bbox 998 2378 1288 2477; x_wconf 82' lang='lat' dir='ltr'>Nifada-bnram.</span> 
     </span>
     <span class='ocr_line' id='line_1_21' title="bbox 247 2486 1288 2572; baseline -0.001 -23"><span class='ocrx_word' id='word_1_188' title='bbox 247 2510 327 2572; x_wconf 87' lang='lat' dir='ltr'>quae</span> <span class='ocrx_word' id='word_1_189' title='bbox 345 2487 397 2548; x_wconf 86' lang='lat' dir='ltr'>lita</span> <span class='ocrx_word' id='word_1_190' title='bbox 411 2502 476 2550; x_wconf 88' lang='lat' dir='ltr'>erat</span> <span class='ocrx_word' id='word_1_191' title='bbox 492 2491 528 2550; x_wconf 89' lang='lat' dir='ltr'>ad</span> <span class='ocrx_word' id='word_1_192' title='bbox 545 2489 663 2552; x_wconf 88' lang='lat' dir='ltr'>radicee</span> <span class='ocrx_word' id='word_1_193' title='bbox 675 2492 796 2552; x_wconf 79' lang='lat' dir='ltr'>montio</span> <span class='ocrx_word' id='word_1_194' title='bbox 808 2490 911 2558; x_wconf 80' lang='lat' dir='ltr'>Maru,</span> <span class='ocrx_word' id='word_1_195' title='bbox 935 2490 968 2547; x_wconf 92' lang='lat' dir='ltr'>in</span> <span class='ocrx_word' id='word_1_196' title='bbox 984 2507 1048 2568; x_wconf 88' lang='lat' dir='ltr'>quo</span> <span class='ocrx_word' id='word_1_197' title='bbox 1066 2486 1154 2548; x_wconf 84' lang='lat' dir='ltr'>facile</span> <span class='ocrx_word' id='word_1_198' title='bbox 1167 2489 1288 2549; x_wconf 82' lang='lat' dir='ltr'>Meron</span> 
     </span>
     <span class='ocr_line' id='line_1_22' title="bbox 245 2581 1289 2676; baseline -0.005 -24"><span class='ocrx_word' id='word_1_199' title='bbox 245 2587 405 2675; x_wconf 76' lang='lat' dir='ltr'>agnoscas.</span> <span class='ocrx_word' id='word_1_200' title='bbox 445 2590 626 2665; x_wconf 83' lang='lat' dir='ltr'>AGraecie‚</span> <span class='ocrx_word' id='word_1_201' title='bbox 650 2585 746 2676; x_wconf 84' lang='lat' dir='ltr'>(narn</span> <span class='ocrx_word' id='word_1_202' title='bbox 761 2591 837 2650; x_wconf 87' lang='lat' dir='ltr'>iliud</span> <span class='ocrx_word' id='word_1_203' title='bbox 854 2585 1031 2669; x_wconf 78' lang='lat' dir='ltr'>Persicum)</span> <span class='ocrx_word' id='word_1_204' title='bbox 1056 2581 1095 2652; x_wconf 81' lang='grc' dir='ltr'>τὸ</span> <span class='ocrx_word' id='word_1_205' title='bbox 1113 2610 1174 2670; x_wconf 83' lang='lat' dir='ltr'>pnr</span> <span class='ocrx_word' id='word_1_206' title='bbox 1189 2585 1289 2649; x_wconf 87' lang='lat' dir='ltr'>omii-</span> 
     </span>
     <span class='ocr_line' id='line_1_23' title="bbox 248 2681 1286 2785; baseline 0.001 -33"><span class='ocrx_word' id='word_1_207' title='bbox 248 2690 317 2753; x_wconf 79' lang='lat' dir='ltr'>rum</span> <span class='ocrx_word' id='word_1_208' title='bbox 334 2703 367 2751; x_wconf 88' lang='lat' dir='ltr'>et</span> <span class='ocrx_word' id='word_1_209' title='bbox 387 2689 462 2751; x_wconf 91' lang='lat' dir='ltr'>hinc</span> <span class='ocrx_word' id='word_1_210' title='bbox 475 2681 571 2780; x_wconf 79' lang='lat' dir='ltr'>Nysa</span> <span class='ocrx_word' id='word_1_211' title='bbox 586 2690 759 2785; x_wconf 64' lang='lat' dir='ltr'>remanfiiie</span> <span class='ocrx_word' id='word_1_212' title='bbox 775 2687 918 2760; x_wconf 80' lang='lat' dir='ltr'>videtur,</span> <span class='ocrx_word' id='word_1_213' title='bbox 944 2692 991 2750; x_wconf 89' lang='lat' dir='ltr'>uti</span> <span class='ocrx_word' id='word_1_214' title='bbox 1014 2691 1100 2750; x_wconf 89' lang='lat' dir='ltr'>idem</span> <span class='ocrx_word' id='word_1_215' title='bbox 1116 2689 1286 2752; x_wconf 82' lang='lat' dir='ltr'>existimat.</span> 
     </span>
     <span class='ocr_line' id='line_1_24' title="bbox 247 2790 1287 2876; baseline -0.005 -22"><span class='ocrx_word' id='word_1_216' title='bbox 247 2790 477 2854; x_wconf 83' lang='lat' dir='ltr'>Tieffenthaler</span> <span class='ocrx_word' id='word_1_217' title='bbox 492 2811 563 2876; x_wconf 83' lang='lat' dir='ltr'>pag.</span> <span class='ocrx_word' id='word_1_218' title='bbox 584 2813 638 2854; x_wconf 85' lang='grc' dir='ltr'>ιι.</span> <span class='ocrx_word' id='word_1_219' title='bbox 660 2813 761 2854; x_wconf 82' lang='lat' dir='ltr'>arcent</span> <span class='ocrx_word' id='word_1_220' title='bbox 782 2792 868 2852; x_wconf 87' lang='lat' dir='ltr'>urbis</span> <span class='ocrx_word' id='word_1_221' title='bbox 886 2791 1042 2850; x_wconf 79' lang='lat' dir='ltr'>iiandizar</span> <span class='ocrx_word' id='word_1_222' title='bbox 1060 2790 1119 2851; x_wconf 83' lang='lat' dir='ltr'>eise</span> <span class='ocrx_word' id='word_1_223' title='bbox 1135 2804 1227 2872; x_wconf 88' lang='lat' dir='ltr'>putat</span> <span class='ocrx_word' id='word_1_224' title='bbox 1246 2791 1287 2850; x_wconf 89' lang='lat' dir='ltr'>ad</span> 
     </span>
     <span class='ocr_line' id='line_1_25' title="bbox 247 2887 1286 2976; baseline -0.004 -20"><span class='ocrx_word' id='word_1_225' title='bbox 247 2893 388 2956; x_wconf 87' lang='lat' dir='ltr'>eundem</span> <span class='ocrx_word' id='word_1_226' title='bbox 409 2905 574 2962; x_wconf 87' lang='lat' dir='ltr'>montem,</span> <span class='ocrx_word' id='word_1_227' title='bbox 605 2894 690 2976; x_wconf 91' lang='lat' dir='ltr'>quod</span> <span class='ocrx_word' id='word_1_228' title='bbox 707 2907 812 2954; x_wconf 86' lang='lat' dir='ltr'>tamen</span> <span class='ocrx_word' id='word_1_229' title='bbox 837 2893 971 2952; x_wconf 84' lang='lat' dir='ltr'>dubium</span> <span class='ocrx_word' id='word_1_230' title='bbox 993 2887 1066 2952; x_wconf 83' lang='lat' dir='ltr'>facit</span> <span class='ocrx_word' id='word_1_231' title='bbox 1081 2890 1183 2968; x_wconf 79' lang='lat' dir='ltr'>Nysae</span> <span class='ocrx_word' id='word_1_232' title='bbox 1206 2891 1286 2952; x_wconf 83' lang='lat' dir='ltr'>fitue</span> 
     </span>
     <span class='ocr_line' id='line_1_26' title="bbox 247 2992 1286 3077; baseline 0 -23"><span class='ocrx_word' id='word_1_233' title='bbox 247 2995 331 3056; x_wconf 86' lang='lat' dir='ltr'>inter</span> <span class='ocrx_word' id='word_1_234' title='bbox 346 2992 535 3074; x_wconf 81' lang='lat' dir='ltr'>Cophenent</span> <span class='ocrx_word' id='word_1_235' title='bbox 552 3008 584 3057; x_wconf 86' lang='lat' dir='ltr'>et</span> <span class='ocrx_word' id='word_1_236' title='bbox 599 2995 716 3055; x_wconf 88' lang='lat' dir='ltr'>indum</span> <span class='ocrx_word' id='word_1_237' title='bbox 734 2995 817 3077; x_wconf 90' lang='lat' dir='ltr'>apud</span> <span class='ocrx_word' id='word_1_238' title='bbox 834 2995 955 3054; x_wconf 83' lang='lat' dir='ltr'>Arrian.</span> <span class='ocrx_word' id='word_1_239' title='bbox 972 2993 1011 3053; x_wconf 89' lang='lat' dir='ltr'>de</span> <span class='ocrx_word' id='word_1_240' title='bbox 1027 3011 1097 3073; x_wconf 87' lang='lat' dir='ltr'>exp.</span> <span class='ocrx_word' id='word_1_241' title='bbox 1112 2993 1166 3053; x_wconf 91' lang='lat' dir='ltr'>lib.</span> <span class='ocrx_word' id='word_1_242' title='bbox 1185 3003 1220 3068; x_wconf 83' lang='lat'>5.</span> <span class='ocrx_word' id='word_1_243' title='bbox 1238 2993 1286 3055; x_wconf 87' lang='lat' dir='ltr'>in.</span> 
     </span>
     <span class='ocr_line' id='line_1_27' title="bbox 245 3091 1285 3176; baseline -0.004 -18"><span class='ocrx_word' id='word_1_244' title='bbox 245 3094 398 3158; x_wconf 80' lang='lat' dir='ltr'>inclaruit</span> <span class='ocrx_word' id='word_1_245' title='bbox 423 3109 530 3156; x_wconf 83' lang='lat' dir='ltr'>autem</span> <span class='ocrx_word' id='word_1_246' title='bbox 556 3095 652 3176; x_wconf 82' lang='lat' dir='ltr'>prisca</span> <span class='ocrx_word' id='word_1_247' title='bbox 676 3097 752 3163; x_wconf 81' lang='lat' dir='ltr'>haec</span> <span class='ocrx_word' id='word_1_248' title='bbox 775 3094 849 3154; x_wconf 86' lang='lat' dir='ltr'>utba</span> <span class='ocrx_word' id='word_1_249' title='bbox 875 3095 1041 3155; x_wconf 86' lang='lat' dir='ltr'>conditore</span> <span class='ocrx_word' id='word_1_250' title='bbox 1065 3091 1118 3154; x_wconf 86' lang='lat' dir='ltr'>iuo</span> <span class='ocrx_word' id='word_1_251' title='bbox 1145 3093 1285 3164; x_wconf 85' lang='lat' dir='ltr'>Baccho,</span> 
     </span>
     <span class='ocr_line' id='line_1_28' title="bbox 249 3194 1286 3277; baseline -0.003 -19"><span class='ocrx_word' id='word_1_252' title='bbox 249 3215 343 3277; x_wconf 87' lang='lat' dir='ltr'>quem</span> <span class='ocrx_word' id='word_1_253' title='bbox 361 3208 394 3256; x_wconf 89' lang='lat' dir='ltr'>et</span> <span class='ocrx_word' id='word_1_254' title='bbox 415 3195 532 3256; x_wconf 88' lang='lat' dir='ltr'>iactant</span> <span class='ocrx_word' id='word_1_255' title='bbox 552 3197 673 3257; x_wconf 83' lang='lat' dir='ltr'>incolae</span> <span class='ocrx_word' id='word_1_256' title='bbox 694 3196 778 3277; x_wconf 88' lang='lat' dir='ltr'>apud</span> <span class='ocrx_word' id='word_1_257' title='bbox 792 3195 961 3256; x_wconf 78' lang='lat' dir='ltr'>Attianum</span> <span class='ocrx_word' id='word_1_258' title='bbox 977 3209 1009 3255; x_wconf 90' lang='lat' dir='ltr'>et</span> <span class='ocrx_word' id='word_1_259' title='bbox 1030 3194 1190 3257; x_wconf 78' lang='lat' dir='ltr'>Curtium.</span> <span class='ocrx_word' id='word_1_260' title='bbox 1241 3195 1286 3256; x_wconf 84' lang='lat' dir='ltr'>Et</span> 
     </span>
     <span class='ocr_line' id='line_1_29' title="bbox 249 3296 1285 3377; baseline -0.002 -21"><span class='ocrx_word' id='word_1_261' title='bbox 249 3297 289 3358; x_wconf 83' lang='lat' dir='ltr'>fic</span> <span class='ocrx_word' id='word_1_262' title='bbox 307 3297 435 3357; x_wconf 88' lang='lat' dir='ltr'>tradunt</span> <span class='ocrx_word' id='word_1_263' title='bbox 447 3296 500 3356; x_wconf 92' lang='lat' dir='ltr'>alii</span> <span class='ocrx_word' id='word_1_264' title='bbox 515 3310 656 3360; x_wconf 70' lang='lat' dir='ltr'>auctores</span> <span class='ocrx_word' id='word_1_265' title='bbox 673 3315 746 3358; x_wconf 88' lang='lat' dir='ltr'>cum</span> <span class='ocrx_word' id='word_1_266' title='bbox 762 3296 810 3365; x_wconf 80' lang='lat' dir='ltr'>iia,</span> <span class='ocrx_word' id='word_1_267' title='bbox 832 3314 912 3377; x_wconf 84' lang='lat' dir='ltr'>quoa</span> <span class='ocrx_word' id='word_1_268' title='bbox 930 3300 992 3356; x_wconf 89' lang='lat' dir='ltr'>iam</span> <span class='ocrx_word' id='word_1_269' title='bbox 1009 3297 1157 3363; x_wconf 83' lang='lat' dir='ltr'>indicavi.</span> <span class='ocrx_word' id='word_1_270' title='bbox 1180 3296 1285 3354; x_wconf 86' lang='lat' dir='ltr'>veluti</span> 
     </span>
     <span class='ocr_line' id='line_1_30' title="bbox 246 3394 1281 3480; baseline -0.002 -20"><span class='ocrx_word' id='word_1_271' title='bbox 246 3394 378 3467; x_wconf 70' lang='lat' dir='ltr'>Ptine.</span> <span class='ocrx_word' id='word_1_272' title='bbox 393 3396 554 3476; x_wconf 80' lang='lat' dir='ltr'>25.i..ot.</span> <span class='ocrx_word' id='word_1_273' title='bbox 584 3399 690 3461; x_wconf 77' lang='lat' dir='ltr'>isidor.</span> <span class='ocrx_word' id='word_1_274' title='bbox 709 3398 789 3480; x_wconf 84' lang='lat' dir='ltr'>orig.</span> <span class='ocrx_word' id='word_1_275' title='bbox 810 3410 863 3473; x_wconf 83' lang='lat'>15.</span> <span class='ocrx_word' id='word_1_276' title='bbox 884 3415 913 3459; x_wconf 84' lang='lat'>1.</span> <span class='ocrx_word' id='word_1_277' title='bbox 940 3395 1078 3456; x_wconf 86' lang='lat' dir='ltr'>Euiiath.</span> <span class='ocrx_word' id='word_1_278' title='bbox 1090 3397 1128 3456; x_wconf 86' lang='lat' dir='ltr'>ad</span> <span class='ocrx_word' id='word_1_279' title='bbox 1147 3394 1281 3474; x_wconf 79' lang='lat' dir='ltr'>Dionys.</span> 
     </span>
     <span class='ocr_line' id='line_1_31' title="bbox 247 3495 1281 3581; baseline -0.001 -23"><span class='ocrx_word' id='word_1_280' title='bbox 247 3517 281 3559; x_wconf 81' lang='lat' dir='ltr'>v.</span> <span class='ocrx_word' id='word_1_281' title='bbox 304 3511 409 3581; x_wconf 65' lang='lat'>1153,</span> <span class='ocrx_word' id='word_1_282' title='bbox 435 3530 487 3544; x_wconf 90' lang='lat'>-·</span> <span class='ocrx_word' id='word_1_283' title='bbox 529 3499 600 3561; x_wconf 87' lang='lat' dir='ltr'>Vid.</span> <span class='ocrx_word' id='word_1_284' title='bbox 622 3497 745 3578; x_wconf 88' lang='lat' dir='ltr'>Popma</span> <span class='ocrx_word' id='word_1_285' title='bbox 768 3511 799 3559; x_wconf 88' lang='lat' dir='ltr'>et</span> <span class='ocrx_word' id='word_1_286' title='bbox 823 3497 1018 3559; x_wconf 86' lang='lat' dir='ltr'>Freinshem.</span> <span class='ocrx_word' id='word_1_287' title='bbox 1042 3497 1081 3556; x_wconf 82' lang='lat' dir='ltr'>aci</span> <span class='ocrx_word' id='word_1_288' title='bbox 1103 3495 1194 3558; x_wconf 85' lang='lat' dir='ltr'>Curt.</span> <span class='ocrx_word' id='word_1_289' title='bbox 1212 3517 1239 3556; x_wconf 91' lang='lat' dir='ltr'>c.</span> <span class='ocrx_word' id='word_1_290' title='bbox 1259 3499 1281 3558; x_wconf 89' lang='lat' dir='ltr'>l.</span> 
     </span>
     <span class='ocr_line' id='line_1_32' title="bbox 247 3595 1282 3680; baseline -0.003 -17"><span class='ocrx_word' id='word_1_291' title='bbox 247 3600 353 3680; x_wconf 78' lang='lat' dir='ltr'>Atque</span> <span class='ocrx_word' id='word_1_292' title='bbox 369 3597 401 3658; x_wconf 89' lang='lat' dir='ltr'>id</span> <span class='ocrx_word' id='word_1_293' title='bbox 417 3595 534 3660; x_wconf 86' lang='lat' dir='ltr'>factum</span> <span class='ocrx_word' id='word_1_294' title='bbox 551 3597 610 3661; x_wconf 84' lang='lat' dir='ltr'>affe</span> <span class='ocrx_word' id='word_1_295' title='bbox 626 3599 775 3660; x_wconf 85' lang='lat' dir='ltr'>aBaccho</span> <span class='ocrx_word' id='word_1_296' title='bbox 790 3599 823 3659; x_wconf 91' lang='lat' dir='ltr'>in</span> <span class='ocrx_word' id='word_1_297' title='bbox 840 3598 1044 3680; x_wconf 84' lang='lat' dir='ltr'>expeditione</span> <span class='ocrx_word' id='word_1_298' title='bbox 1057 3599 1173 3668; x_wconf 85' lang='lat' dir='ltr'>indica,</span> <span class='ocrx_word' id='word_1_299' title='bbox 1191 3598 1282 3660; x_wconf 87' lang='lat' dir='ltr'>indie</span> 
     </span>
     <span class='ocr_line' id='line_1_33' title="bbox 247 3696 1281 3784; baseline 0 -25"><span class='ocrx_word' id='word_1_300' title='bbox 247 3700 395 3770; x_wconf 84' lang='lat' dir='ltr'>domitia,</span> <span class='ocrx_word' id='word_1_301' title='bbox 428 3713 569 3771; x_wconf 87' lang='lat' dir='ltr'>narrant,</span> <span class='ocrx_word' id='word_1_302' title='bbox 604 3702 644 3762; x_wconf 89' lang='lat' dir='ltr'>do</span> <span class='ocrx_word' id='word_1_303' title='bbox 669 3719 729 3781; x_wconf 85' lang='lat' dir='ltr'>qua</span> <span class='ocrx_word' id='word_1_304' title='bbox 755 3700 956 3780; x_wconf 86' lang='lat' dir='ltr'>expeditione</span> <span class='ocrx_word' id='word_1_305' title='bbox 982 3699 1110 3784; x_wconf 83' lang='lat' dir='ltr'>longam</span> <span class='ocrx_word' id='word_1_306' title='bbox 1143 3696 1281 3759; x_wconf 76' lang='lat' dir='ltr'>fabulam</span> 
     </span>
     <span class='ocr_line' id='line_1_34' title="bbox 248 3799 1279 3883; baseline -0.001 -22"><span class='ocrx_word' id='word_1_307' title='bbox 248 3799 427 3882; x_wconf 82' lang='lat' dir='ltr'>composuit</span> <span class='ocrx_word' id='word_1_308' title='bbox 437 3800 584 3871; x_wconf 85' lang='lat' dir='ltr'>Nonnue.</span> <span class='ocrx_word' id='word_1_309' title='bbox 600 3820 696 3883; x_wconf 89' lang='lat' dir='ltr'>quam</span> <span class='ocrx_word' id='word_1_310' title='bbox 707 3799 1040 3880; x_wconf 80' lang='lat' dir='ltr'>exploditStraboc.l.</span> <span class='ocrx_word' id='word_1_311' title='bbox 1068 3799 1165 3860; x_wconf 86' lang='lat' dir='ltr'>Aucta</span> <span class='ocrx_word' id='word_1_312' title='bbox 1182 3812 1279 3860; x_wconf 86' lang='lat' dir='ltr'>terrae</span> 
     </span>
    </p>
   </div>
   <div class='ocr_carea' id='block_1_3' title="bbox 111 3897 1281 3984">
    <p class='ocr_par' dir='ltr' id='par_1_3' title="bbox 111 3897 1281 3984">
     <span class='ocr_line' id='line_1_35' title="bbox 111 3897 1281 3984; baseline 0.001 -24"><span class='ocrx_word' id='word_1_313' title='bbox 111 3912 115 3922; x_wconf 93' lang='grc'><em>·</em></span> <span class='ocrx_word' id='word_1_314' title='bbox 247 3903 431 3984; x_wconf 82' lang='lat' dir='ltr'>cognitione</span> <span class='ocrx_word' id='word_1_315' title='bbox 461 3921 500 3965; x_wconf 91' lang='lat' dir='ltr'>eo</span> <span class='ocrx_word' id='word_1_316' title='bbox 528 3903 680 3984; x_wconf 81' lang='lat' dir='ltr'>prolatam</span> <span class='ocrx_word' id='word_1_317' title='bbox 704 3914 797 3982; x_wconf 85' lang='lat' dir='ltr'>putat</span> <span class='ocrx_word' id='word_1_318' title='bbox 823 3897 959 3970; x_wconf 84' lang='lat' dir='ltr'>Vossiue,</span> <span class='ocrx_word' id='word_1_319' title='bbox 986 3899 1145 3976; x_wconf 81' lang='lat' dir='ltr'>(Mythol.</span> <span class='ocrx_word' id='word_1_320' title='bbox 1174 3900 1281 3962; x_wconf 84' lang='lat' dir='ltr'>Brieie</span> 
     </span>
    </p>
   </div>
   <div class='ocr_carea' id='block_1_4' title="bbox 248 3996 1287 4185">
    <p class='ocr_par' dir='ltr' id='par_1_4' title="bbox 248 3996 1287 4185">
     <span class='ocr_line' id='line_1_36' title="bbox 249 3996 1280 4084; baseline 0.005 -27"><span class='ocrx_word' id='word_1_321' title='bbox 249 4000 290 4062; x_wconf 90' lang='lat' dir='ltr'>T.</span> <span class='ocrx_word' id='word_1_322' title='bbox 313 4019 341 4062; x_wconf 81' lang='lat' dir='ltr'>a.</span> <span class='ocrx_word' id='word_1_323' title='bbox 356 4021 391 4082; x_wconf 87' lang='lat' dir='ltr'>p.</span> <span class='ocrx_word' id='word_1_324' title='bbox 408 4002 514 4078; x_wconf 90' lang='grc'><strong>969.)</strong></span> <span class='ocrx_word' id='word_1_325' title='bbox 545 4018 654 4066; x_wconf 84' lang='lat' dir='ltr'>contra</span> <span class='ocrx_word' id='word_1_326' title='bbox 675 4002 879 4084; x_wconf 80' lang='lat' dir='ltr'>Boettigerue</span> <span class='ocrx_word' id='word_1_327' title='bbox 903 4001 979 4080; x_wconf 89' lang='lat' dir='ltr'>(Gr.</span> <span class='ocrx_word' id='word_1_328' title='bbox 999 3996 1280 4062; x_wconf 73' lang='lat' dir='ltr'>Vnica-Gemaide</span> 
     </span>
     <span class='ocr_line' id='line_1_37' title="bbox 248 4099 1287 4185; baseline 0.001 -24"><span class='ocrx_word' id='word_1_329' title='bbox 248 4099 384 4178; x_wconf 76' lang='lat' dir='ltr'>alicubi)</span> <span class='ocrx_word' id='word_1_330' title='bbox 415 4101 541 4167; x_wconf 75' lang='lat' dir='ltr'>inversa</span> <span class='ocrx_word' id='word_1_331' title='bbox 568 4105 681 4167; x_wconf 88' lang='lat' dir='ltr'>ordine</span> <span class='ocrx_word' id='word_1_332' title='bbox 704 4115 867 4167; x_wconf 73' lang='lat' dir='ltr'>narratam</span> <span class='ocrx_word' id='word_1_333' title='bbox 893 4122 910 4163; x_wconf 83' lang='lat' dir='ltr'>a</span> <span class='ocrx_word' id='word_1_334' title='bbox 937 4100 1062 4162; x_wconf 85' lang='lat' dir='ltr'>Graecia</span> <span class='ocrx_word' id='word_1_335' title='bbox 1085 4099 1164 4174; x_wconf 82' lang='lat' dir='ltr'>elie,</span> <span class='ocrx_word' id='word_1_336' title='bbox 1209 4105 1287 4185; x_wconf 87' lang='lat' dir='ltr'>quia·</span> 
     </span>
    </p>
   </div>
   <div class='ocr_carea' id='block_1_5' title="bbox 0 0 1331 4896">
    <p class='ocr_par' dir='ltr' id='par_1_5' title="bbox 0 0 1331 4896">
     <span class='ocr_line' id='line_1_38' title="bbox 0 0 1331 4896; baseline 0 0"><span class='ocrx_word' id='word_1_337' title='bbox 0 0 1331 4896; x_wconf 95' lang='lat' dir='ltr'> </span> 
     </span>
    </p>
   </div>
  </div>
 </body>
</html>
