2650 4896
69 375 134 472 ¹ru
160 412 301 469 cour.
330 409 439 467 uui.
480 409 588 466 um.
632 409 765 472 cvuc
806 411 934 481 cm..
976 423 1037 493 ⁸8⁷

80 583 177 666 bis)
228 579 320 646 Hinc
340 579 425 644 Pliu.
444 582 478 652 6,
505 591 560 658 28.
577 575 623 644 in.
641 581 663 642 s.
683 597 739 659 23.
762 583 908 664 irrumpit
928 585 1041 650 deiude

18 692 86 753 uia
107 688 168 748 aar
187 699 287 766 parca
306 685 464 768 geminum
487 703 572 744 mare
598 683 632 744 in
655 695 775 756 terras,
806 685 892 768 quod
914 687 1038 752 mirum

18 791 106 854 dixere
125 787 238 882 nrssrr'.

77 989 233 1072 aperit)
259 992 436 1074 Eleganter
453 1005 487 1053 et
501 1004 575 1074 apta
592 987 633 1051 ad
649 985 751 1072 ipsam
764 1010 846 1059 rem,
865 1009 924 1073 pro
931 983 1039 1083 facit.

78 1185 302 1283 Persicus)
352 1195 462 1277 Quem
480 1194 644 1256 Persicum
662 1211 750 1254 mare
778 1208 900 1256 vocant
927 1191 1036 1274 etiam,

20 1291 58 1357 uti
71 1292 193 1356 Plinius
209 1297 246 1367 6,
266 1315 322 1374 σς).
333 1295 353 1357 s.
367 1297 422 1359 26.
440 1309 498 1372 32.
509 1295 531 1357 s.
546 1305 602 1371 28.
628 1293 770 1385 Perfidis
785 1317 870 1356 mare
886 1292 1038 1366 Priscian.

19 1398 109 1458 ubi.
152 1392 310 1484 Περσίδος
333 1389 399 1458 iiia
424 1393 558 1474 Dionys.
580 1417 612 1458 v.
636 1407 720 1474 98¹·
763 1391 918 1484 Περσικὸν
941 1387 1039 1486 οἶδμα

21 1518 44 1558 r.
62 1509 108 1570 ὅσ.
125 1513 157 1558 et
171 1495 241 1562 alii.
294 1495 421 1558 Diserte
442 1494 477 1557 in
497 1499 583 1558 hanc
605 1517 674 1556 rem
692 1497 806 1558 Strabo
830 1498 882 1560 16.
905 1519 936 1580 p.
953 1501 1037 1575 526.

21 1595 123 1676 [765.
143 1595 159 1660 ὁ
182 1594 345 1684 Περσικὸς
374 1593 499 1672 κόλπος
519 1594 649 1682 λέγεται
673 1589 728 1660 καὶ
758 1591 776 1682 ἣ
800 1593 887 1660 κασᾶ
912 1595 1039 1686 Πέρσας

22 1694 170 1762 θάλαττα.
223 1700 303 1762 Hoc
323 1697 443 1781 legitur
466 1697 552 1782 apud
579 1695 719 1762 Dioclor.
745 1715 800 1772 17,
825 1701 884 1768 67.
909 1693 1056 1776 Πόντος·

22 1796 174 1880 Περσικός,
208 1797 248 1862 in
281 1821 381 1886 quem
418 1795 527 1882 Tigris
557 1796 650 1870 fluit,
688 1796 813 1862 Arrian.
848 1799 888 1859 de
920 1801 1035 1886 cxped.

24 1901 95 1963 Alex.
107 1901 152 1961 Μ.
168 1917 202 1970 7,
220 1918 255 1978 7.
290 1900 345 1964 Sic
357 1897 511 1962 Arrianus
528 1895 564 1960 in
579 1895 705 1982 periplo
720 1921 752 1982 p.
772 1919 827 1963 σο.
846 1901 1037 1984 (Hudson.)

23 1998 185 2080 promiscue
211 1999 257 2066 τό
283 1999 391 2090 στόμα
417 2023 448 2064 τ.
475 2000 634 2088 Περσικῆς
655 1995 883 2088 θαλάσσης.εῑ
903 2000 966 2067 τοῦ
991 2003 1037 2069 Π.

26 2095 143 2175 κόλπου,
167 2099 214 2163 ita
230 2119 355 2173 tamen,
380 2118 419 2164 ut
433 2099 558 2163 inversa
570 2097 696 2162 ratione
711 2102 811 2164 modo
829 2102 868 2166 ad
886 2123 921 2165 oo
941 2105 1036 2178 sanun,

24 2202 104 2262 modo
124 2205 163 2264 ad
185 2225 279 2266 mare
296 2220 385 2266 extra
401 2205 504 2264 linum
519 2202 641 2264 referre
658 2199 819 2265 videatur.
854 2203 918 2266 Sed
933 2201 979 2266 ita
995 2205 1047 2268 de.

27 2301 79 2362 inu
106 2304 230 2367 Persico
265 2321 375 2388 aperte
397 2304 632 2388 Agathemerus
654 2325 684 2380 1,
707 2319 740 2382 3.
792 2307 886 2388 Quae
914 2305 1037 2370 Vossius

25 2401 142 2477 monuit,
166 2403 288 2490 repetii
309 2403 345 2468 in
361 2401 448 2468 notis
464 2402 536 2467 crit.
553 2426 585 2488 p.
604 2403 685 2468 261.

85 2605 206 2672 dictis
206 2607 226 2692 )
258 2604 383 2682 Indiae,
406 2624 439 2670 et
452 2629 532 2693 quas
547 2603 699 2692 proximo
715 2603 821 2691 capite
836 2604 1012 2676 adiecerat.

164 2813 194 2894 6.
226 2831 258 2876 o.
308 2810 500 2894 grande
530 2809 716 2900 ostium)
773 2808 889 2874 Graeci
915 2827 1037 2876 vocant

32 2903 115 2999 oripo
136 2927 167 2974 et
190 2909 289 2978 στεναὶ
309 2910 370 2976 τοῦ
396 2907 543 2984 κόλπου,
574 2909 624 2972 uti
645 2907 830 2994 promiscue
850 2909 1036 2976 Marcianus

32 3003 59 3068 in
69 3011 181 3097 periplo
196 3037 230 3098 p.
252 3025 306 3098 ¹4·
326 3010 470 3098 (Huds.)
503 3011 554 3076 Cs.
572 3013 700 3074 Salmas.
714 3011 754 3072 ad
767 3009 919 3074 Solinum
936 3033 965 3078 c.
977 3029 1034 3090 35.

32 3127 199 3194 ousia·
228 3113 286 3200 qui
302 3111 394 3176 addit
413 3107 573 3204 πορθμόν.
612 3115 785 3175 Introicum
801 3109 884 3176 dicit
899 3110 982 3175 Plin.
999 3115 1036 3186 6,

36 3212 177 3294 basau.
214 3216 327 3310 ‹fiium
342 3211 574 3290 imminuo&
590 3215 623 3278 6.
641 3223 765 3298 p.283.
781 3209 924 3298 (Gran.)
960 3213 1035 3275 Tra·

33 3308 121 3374 iurum
140 3315 225 3380 Plin.
245 3319 279 3389 6,
303 3318 360 3380 osi.
376 3317 397 3378 s.
422 3331 477 3392 23.
502 3313 628 3376 racione
649 3311 887 3397 navigationis;
921 3313 1034 3376 Noster

34 3411 86 3490 post
98 3415 133 3476 de
147 3416 284 3482 Arabico
302 3437 348 3480 os.
387 3416 514 3480 Grande
527 3431 637 3478 autem
651 3431 748 3480 vocat
762 3415 873 3478 Noster
888 3415 1035 3498 respectu

33 3511 148 3581 Arabici.
198 3519 389 3582 Secundum
403 3513 552 3580 Plinium
571 3513 661 3578 enim
679 3539 706 3580 c.
723 3519 743 3580 1.
763 3513 946 3582 latitudinis
966 3531 1036 3578 erat

37 3615 108 3685 5M.
125 3619 158 3682 P.
188 3619 245 3684 alii
275 3635 414 3705 quatuor
441 3633 567 3680 tantum
593 3617 765 3682 faciebant.
809 3616 1033 3680 Eratosthenes

36 3729 73 3792 op
85 3717 266 3784 Strabonem
283 3723 336 3786 26.
352 3743 384 3802 p.
400 3722 484 3797 526.
501 3719 521 3782 s.
539 3722 622 3797 765.
641 3739 677 3784 oa
693 3717 763 3782 cius
782 3736 849 3781 tam
865 3719 1034 3802 angustum

37 3808 108 3878 fuisse
126 3821 302 3907 scripserat,
330 3836 369 3883 ut
388 3841 428 3883 cx
446 3823 681 3894 Harmozonte,
705 3828 717 3900 (
724 3823 757 3883 h.
776 3823 930 3900 Gorrrrorr)
957 3821 1034 3884 Car·

35 3915 140 3982 maniae
169 3919 415 4008 promontorio,
447 3920 583 3984 Arabiae
614 3925 757 4005 obposita
791 3943 863 4006 para
889 3918 1033 4006 conspici

36 4015 130 4093 posset,
154 4045 234 4110 quae
249 4039 318 4086 erat
332 4021 368 4090 in
385 4019 499 4086 Macis.
540 4023 632 4084 idem
648 4023 762 4094 refert,
788 4022 875 4106 quod
890 4021 1034 4094 videtur.

37 4119 273 4192 chratosthcue
288 4121 481 4190 Ammianus
499 4143 526 4188 c.
547 4126 568 4188 1.
596 4121 654 4188 ubi
676 4139 769 4188 uocat
784 4125 939 4198 Valesius,
964 4146 983 4188 a
1002 4125 1052 4220 [εΙ
