2758 4902
149 437 200 496 rrt
228 435 365 494 nour.
394 410 502 492 nna.
544 434 653 492 am.
697 434 804 497 nur.
847 435 925 507 og.
1015 447 1058 516 96

12 613 13 616 ’
47 615 210 694 inEuropae
226 608 292 672 tab.
307 619 342 689 4.
367 610 400 670 in
410 609 524 672 Tacito
532 609 616 672 dnn.
626 625 660 684 2,
675 621 708 688 8.
726 629 765 672 ex
781 608 935 670 sententia
948 607 1057 672 docto·

48 737 93 780 nm
112 714 272 781 virorum.
302 707 426 800 Amison
448 711 482 773 h.
497 710 641 784 Ermsen,
673 725 708 770 ut
726 724 816 793 putat
840 712 970 776 clover.
988 712 1055 774 ml.

46 821 70 881 lt
81 814 181 880 blenlo
195 805 310 897 lllting
327 815 360 873 in
377 813 573 894 expolitione
591 813 716 876 tabulae
728 813 907 875 Ptolemaei
923 811 962 876 tle
980 813 1058 876 Ger·

43 920 119 980 mnia
136 915 251 1000 Magna
270 935 337 996 cap.
352 924 387 992 4,
403 915 436 977 6.
457 916 528 976 loco
547 907 612 991 51',
638 907 704 992 50⁰
726 916 761 974 in
781 914 967 978 Ptolemaeo
991 935 1056 978 cor·

42 1021 162 1103 riglt52,
181 1037 213 1080 o.
239 1030 274 1078 et
296 1016 410 1077 urbem
436 1017 474 1076 ad
499 1015 614 1078 Amasti
640 1013 745 1080 sontes
769 1019 878 1099 pouit,
913 1017 995 1098 quafi
1020 1017 1057 1079 stt

40 1111 280 1210 birds-spring,
315 1118 402 1178 unde
427 1117 629 1196 Ptolemaeus
652 1137 774 1179 nomen
791 1117 913 1180 Amata
935 1116 1056 1191 fecerit,

39 1223 134 1302 dequo
148 1222 304 1310 prolixius
320 1216 440 1280 disserit
455 1221 490 1278 in
506 1233 574 1281 not.
586 1218 695 1284 Germ.
713 1217 804 1281 inser.
819 1220 856 1281 P.
875 1239 903 1282 t.
917 1241 948 1303 p.
960 1231 983 1303 4
994 1219 1056 1303 sqq.

39 1324 77 1386 otti
89 1321 256 1384 adsentitur
275 1324 407 1402 Spener.
426 1322 459 1380 in
474 1334 542 1384 not.
561 1320 670 1386 Germ.
689 1334 753 1384 ant.
770 1333 805 1400 4,
820 1330 854 1398 4,
872 1334 905 1399 3.
922 1342 953 1404 p.
970 1337 1055 1402 509.

12 1469 14 1474 ,
38 1425 68 1484 iit:
85 1438 116 1483 ut
135 1437 241 1506 putet,
278 1424 357 1482 olim
380 1419 504 1484 sortasse
525 1421 564 1484 ad
586 1419 692 1484 sontes
717 1422 808 1483 fluvii
830 1419 920 1484 suilla
943 1424 1057 1486 villam

39 1523 138 1588 Emis·
145 1516 262 1616 spring
283 1524 414 1586 dictam.
458 1524 585 1605 Nempe
602 1543 641 1584 ex
655 1525 757 1584 Taciti
773 1524 949 1586 narratione
965 1526 1057 1588 intel·

36 1627 122 1710 ligitur
135 1630 176 1689 cie
192 1627 350 1688 dmilrum
366 1623 388 1687 l.
404 1626 493 1687 laeva
509 1628 578 1708 ripa
597 1623 686 1686 soille
704 1626 804 1687 sitam.
855 1623 926 1686 Nec
947 1641 1057 1690 tamen

38 1729 141 1799 villam.
169 1727 218 1789 sed
242 1727 354 1790 locum
375 1726 533 1788 celebrem
557 1746 596 1788 ex
619 1727 750 1787 Emmio
772 1725 930 1807 praedicat
947 1727 1058 1812 Alting
1129 1743 1135 1754 ·

39 1831 88 1892 nl.
109 1832 158 1911 qui
182 1833 281 1892 etiam
301 1829 337 1892 P.
358 1849 387 1892 a.
409 1849 441 1912 p.
466 1844 545 1905 ro7.
570 1829 609 1889 de
631 1827 710 1889 ollio
735 1827 878 1890 fluminio
899 1826 1055 1912 exposuit.

37 1929 122 2014 lplum
138 1931 250 1995 Noster
266 1951 342 1993 cum
358 1931 471 1994 Tacito
486 1932 569 1992 male
584 1931 619 1990 in
635 1929 801 1991 Oceanum
814 1929 933 1993 educit.

96 2125 313 2225 Visurgis)
363 2134 414 2196 De
435 2133 583 2216 scriptura
601 2135 716 2197 variata
733 2156 767 2199 v.
782 2147 850 2197 not.
867 2134 935 2198 crit.
952 2154 983 2216 p.
995 2145 1057 2215 98.
1186 2145 1189 2154 ’

39 2232 132 2295 Contra
150 2226 315 2325 Visurgim
338 2235 421 2318 apud
438 2239 467 2296 T
468 2239 585 2298 anitum
602 2237 714 2300 Annei.
735 2259 762 2306 r,
780 2252 839 2308 70.
855 2234 878 2299 s.
901 2257 939 2299 ex
956 2255 1059 2298 narra·

39 2335 115 2398 tionis
134 2335 208 2398 serie
229 2351 318 2398 recte
334 2353 519 2418 corruptum
535 2335 678 2409 nutrient,
702 2337 756 2398 ubi
777 2337 813 2400 V
812 2337 913 2398 idrum
931 2338 1079 2426 Llpsrua*

37 2433 216 2500 substituebat
232 2459 274 2500 ex
282 2438 467 2500 Ptolemaeo
482 2459 509 2502 c.
524 2441 546 2502 l.
569 2459 664 2520 quem
675 2437 791 2500 resutat
802 2439 921 2522 Atttng.
936 2441 970 2499 in
987 2451 1058 2502 not.

39 2535 125 2601 Germ.
144 2537 235 2602 inser.
259 2539 298 2600 P.
321 2561 348 2600 ι.
365 2559 436 2622 pag.
458 2554 538 2618 ¹3⁰·
574 2539 631 2600 ubi
652 2542 746 2602 docte
771 2552 878 2602 tuetur
898 2537 1057 2631 Unfirtgin

37 2631 191 2731 bHunse.
219 2653 256 2702 et
277 2641 436 2722 proposita
456 2642 617 2704 literarum
635 2639 736 2704 sorma
759 2642 973 2724 corruptionis
989 2659 1058 2705 mo·

38 2737 97 2800 dum
113 2741 259 2824 explieat.
285 2743 418 2803 secutus
434 2762 512 2804 eum
527 2742 570 2805 est
583 2743 771 2814 Brotieriua,
788 2747 843 2824 qui
859 2763 929 2805 earu
947 2743 1057 2806 lectio·

37 2859 96 2900 oem
117 2855 221 2903 tuetur
238 2843 310 2906 Vol.
333 2865 362 2904 1.
380 2863 412 2924 p.
430 2856 513 2922 558.
563 2843 748 2908 Posterioris
770 2845 840 2906 aevi
856 2845 988 2907 uomina
1010 2865 1058 2906 re·

39 2939 143 3005 teoleut
159 2944 292 3007 Cluver.
309 2965 341 3024 p.
354 2959 373 3017 7
384 2964 395 3005 t
406 2957 437 3031 5.
448 2964 475 3006 c.
486 2947 508 3007 l.
532 2957 563 3005 et
579 2945 710 3025 Spener.
725 2960 755 3014 a,
771 2959 803 3017 a.
819 2963 853 3024 9.
870 2965 902 3027 p.
914 2957 973 3025 74.
991 2966 1017 3010 c.
1032 2945 1054 3008 l.

39 3041 114 3125 Quod
130 3059 236 3108 tamen
256 3045 397 3108 Orteliua
414 3048 446 3105 in
464 3044 540 3107 thel.
559 3045 676 3130 Geogr.
693 3046 725 3108 h.
742 3066 775 3106 v.
792 3065 832 3108 ex
847 3045 943 3109 Hadr.
962 3047 1057 3109 lunio

38 3155 62 3201 et
73 3145 216 3208 Turnebo
235 3149 368 3227 repetit.
395 3165 410 3206 a
428 3147 562 3208 Sidonio
580 3148 680 3227 Apoll.
699 3166 794 3208 carm.
811 3161 870 3224 23,
888 3157 972 3226 243.
994 3147 1058 3208 dici

40 3233 180 3335 Veserim,
206 3246 325 3309 refutat
345 3247 390 3306 ibi
412 3268 441 3329 p.
464 3260 543 3326 139.
566 3249 698 3319 Severo,
732 3267 807 3308 cnm
827 3267 939 3310 omnen
960 3247 1056 3311 codd.

37 3357 62 3405 at
78 3349 213 3432 vulgatae
238 3349 310 3410 odd.
327 3347 497 3409 exhibeant
514 3339 677 3440 Visurgin.
711 3351 839 3409 Amnem
854 3349 949 3412 Rom.
970 3345 1059 3410 clude

37 3443 150 3509 nobilem
172 3463 267 3512 vocat
285 3451 395 3512 Vellei.
417 3465 448 3518 a.
472 3463 552 3526 105.
594 3451 634 3511 Η.
659 3439 783 3539 Weser.
838 3450 936 3531 Quod
954 3450 1059 3510 Ptole·

37 3563 128 3612 maeno
144 3571 182 3613 ex
196 3550 362 3613 Meliboea
380 3565 503 3623 monte,
527 3553 644 3632 dequo
660 3549 759 3634 supra,
783 3546 944 3635 originem
959 3551 1057 3625 ducit,

37 3665 108 3712 nuuc
126 3650 216 3715 facile
239 3653 339 3735 potest
360 3652 502 3716 iudicari.

97 3853 236 3937 Albis)
286 3856 338 3916 Sic
351 3869 384 3916 et
400 3855 511 3918 Graeci
528 3868 643 3917 vocent
660 3869 780 3938 praeter
790 3855 931 3918 Dionem
949 3864 1008 3936 55,
1027 3877 1057 3921 t.

38 3949 64 4011 io
86 3975 144 4034 quo
166 3957 285 4040 legitur
303 3947 455 4031 ”Adsswis
497 3961 583 4038 quod
617 3957 735 4018 librarii
768 3959 887 4019 vitium
918 3959 1057 4021 videtur.

38 4049 112 4116 ttem
136 4070 243 4118 tamen
263 4073 322 4134 77,
351 4068 406 4136 ¹4·
429 4051 562 4134 Ἄλβις,
598 4053 660 4135 olm
689 4056 801 4121 adfert.
866 4059 1059 4123 Polleriorea

38 4152 168 4220 dixerunt
187 4160 283 4221 etiam
300 4157 400 4231 Alba,
435 4175 471 4220 ut
494 4159 645 4242 Vopiscus
668 4162 703 4221 iu
728 4161 836 4226 Probo
854 4181 919 4246 cap.
944 4175 999 4238 13.
1024 4173 1059 4222 et
