2746 4894
204 411 427 473 ntroin.
456 415 566 474 unt,
606 416 718 477 Lm.
758 413 867 478 αα.
908 415 988 492 ta.
1059 435 1125 502 ως
1215 443 1217 448 v

78 587 231 652 sosthene
246 587 330 652 haee
346 589 452 652 banfit
463 587 597 663 Noster,
622 591 678 654 rel
690 611 731 656 ex
747 591 919 658 Herodoto
935 613 967 668 a,
986 609 1044 673 30.
1065 593 1127 660 ubi

78 689 213 754 oausam
233 688 332 776 ingre
353 707 388 754 et
405 688 614 776 migrationis
635 693 774 756 eandem
794 691 956 780 prolixius
976 695 1126 782 exponit,

77 782 242 884 Asmurls,
267 789 318 854 uti
335 789 446 856 editur
467 791 671 858 variantibus
688 792 826 881 quidem
840 795 988 872 Mssrir,
1019 797 1128 864 dictos

71 894 143 956 elle
166 895 223 955 lua
243 889 359 979 lingua
373 893 477 968 addit,
499 891 536 959 in
557 915 624 983 quo
644 899 747 962 verbo
768 896 979 984 explicando,
1000 903 1055 964 vel
1071 902 1127 964 de-

77 995 238 1060 ducendo
256 993 386 1060 variant
399 996 491 1061 docti
503 995 579 1062 viri.
613 995 707 1072 Vide,
725 1019 808 1085 quos
823 1002 937 1064 laudat
952 999 1127 1066 ibiWelle·

76 1095 164 1182 ling.
211 1095 354 1162 Sebritae
383 1097 503 1183 adtigit
532 1097 634 1164 etiam
658 1097 787 1164 Plinius
805 1097 839 1173 6,
864 1115 922 1180 35.
946 1103 1045 1182 [30.
1072 1103 1130 1168 sod

75 1214 269 1283 corruptus.
312 1198 531 1288 Μαχλαίονες
569 1201 643 1266 sunt
679 1201 845 1283 Helycbio
877 1219 911 1268 et
942 1202 1059 1268 Servio
1085 1205 1129 1268 ad

75 1298 200 1385 Virgit
226 1301 345 1385 Georg.
375 1323 405 1380 ι,
432 1315 491 1382 57.
537 1304 588 1368 cf.
621 1303 663 1366 ad
692 1301 895 1386 Hesychium
920 1302 1128 1391 interpretes.

78 1403 150 1466 Sed
165 1405 262 1486 plura
280 1401 372 1467 dabit
387 1406 518 1469 Heeren
534 1406 577 1469 de
596 1403 744 1470 militum
760 1403 998 1492 Aegyptiorum
1016 1406 1052 1470 in
1068 1409 1129 1472 Ae·

76 1501 250 1590 thiopiam
272 1501 472 1590 migratione
491 1505 529 1570 iu
549 1522 779 1576 commentatt.
794 1505 963 1594 Goettiog.
982 1511 1052 1576 Vol.
1073 1527 1128 1576 ra.

75 1627 154 1696 νεε-
169 1617 221 1688 tt
239 1606 305 1694 far·

159 1777 301 1860 pulcri
324 1768 497 1870 formo)
545 1781 597 1844 Ex
617 1781 788 1846 Herodoto
806 1795 840 1865 5,
865 1799 922 1849 ao.
940 1781 1002 1847 lec.
1029 1802 1131 1869 quem

77 1880 177 1944 lanta
203 1871 424 1970 μέγιστακαὶ
443 1875 618 1947 κάλλιστοι
639 1878 821 1972 ἄνθρὼπων
837 1877 983 1958 πάντων,
1006 1905 1046 1948 ex
1061 1903 1130 1970 quo

77 1975 208 2066 repetit
226 1979 413 2046 Enllothiut
435 1981 476 2044 ad
496 1981 631 2064 Dionys.
648 2007 681 2047 v.
699 1996 783 2062 2¹8·
823 1985 874 2051 cf.
890 1981 1030 2050 Photiua
1045 1983 1130 2050 cod.

83 2097 172 2164 259.
195 2103 269 2168 pag.
292 2097 397 2166 ¹3¹9·
418 2081 492 2171 (ed.
509 2083 672 2170 Schotti.)
710 2087 812 2172 Quod
828 2087 868 2150 sd
886 2083 1130 2172 proceritatem,

81 2183 243 2270 syrbotas
263 2201 425 2248 memorat
444 2183 531 2250 Plin.
552 2188 587 2260 6,
612 2200 670 2266 55.
693 2187 716 2250 s.
738 2205 796 2267 30.
823 2205 982 2252 octonum
1003 2185 1132 2252 cubito·

79 2307 160 2352 rum
178 2283 282 2350 fuine,
313 2283 500 2350 Maximum
514 2309 533 2351 e
545 2286 760 2374 popularibus
776 2310 887 2374 regem
903 2287 1042 2375 elegiffe,
1058 2311 1131 2352 nar·

80 2403 133 2452 rat
152 2387 344 2452 Herodotus
366 2403 400 2468 3,
427 2407 483 2455 ao.
510 2386 567 2452 alii
594 2389 721 2454 addunt
743 2389 1015 2455 formolrlsrmum.
1055 2389 1130 2456 Viti.

80 2487 186 2552 Diod.
203 2485 269 2553 sic.
288 2505 323 2568 3,
339 2509 373 2572 9.
400 2505 434 2552 et
448 2511 531 2578 quos
550 2487 597 2554 ibi
614 2491 719 2555 adfert
731 2491 917 2579 Welleling.
959 2493 1011 2558 cf.
1028 2489 1132 2557 etiam

82 2593 205 2656 Strabo
226 2607 281 2668 17.
303 2613 336 2676 p.
354 2588 438 2670 566.
463 2591 484 2658 i.
505 2603 592 2672 aaa.
641 2590 822 2658 Boccacius
838 2615 867 2660 c.
883 2598 904 2658 l.
927 2595 985 2660 stc:
1011 2587 1133 2687 forma

80 2691 287 2788 praestantes
308 2705 340 2756 et
363 2691 510 2766 moribus,
536 2717 636 2778 regem
652 2693 717 2786 fibi
731 2697 943 2774 pulcritudine
963 2711 996 2760 et
1011 2693 1133 2762 viribm

81 2798 245 2879 potiorem
268 2795 424 2876 digmus.
463 2797 581 2884 Neque
595 2811 706 2860 tamen
724 2799 789 2860 hoc
805 2799 846 2860 do
860 2797 1010 2862 universa
1032 2813 1131 2882 gente
1250 2834 1254 2840 -

81 2891 232 2979 intelligi
258 2894 375 2974 debet,
406 2897 497 2983 quod
524 2893 694 2960 Diodorus
718 2895 848 2972 innuit,
883 2915 917 2962 et
941 2900 1133 2964 Herodotus

83 2999 128 3063 ad
150 3015 210 3061 eos
232 2992 374 3084 redigit,
408 2994 611 3084 quibuscum
630 2998 803 3078 Cambyses
823 3021 884 3085 per
905 3003 1028 3085 legatos
1052 2997 1131 3086 egit.

82 3099 174 3166 Nam
189 3095 291 3162 etiam
312 3096 554 3184 apudDiodor.
570 3116 605 3184 3,
622 3111 656 3182 8.
679 3095 849 3194 oo'xpppoi
871 3098 942 3180 τοῖς
962 3093 1050 3178 ὅλοις
1073 3092 1134 3168 otis-

81 3221 167 3296 poor
187 3199 387 3266 referuntur.

164 3371 290 3458 aequi
312 3371 531 3457 eorporis)
581 3367 674 3458 Quid
699 3373 752 3446 fit,
781 3368 909 3437 dictum
934 3369 979 3434 est
998 3365 1036 3434 in
1060 3379 1132 3438 nol.

82 3469 161 3541 orit
177 3495 210 3560 p.
229 3479 313 3554 314.
335 3487 369 3536 et
387 3469 585 3560 intelligitur
603 3494 719 3551 exeo,
746 3475 838 3563 quod
852 3472 938 3538 inira
954 3473 996 3538 de
1012 3472 1133 3560 Hespe·

81 3573 148 3643 riis
172 3570 323 3660 obponit.

165 3743 352 3829 alumni)
400 3745 453 3810 De
465 3746 528 3812 bac
545 3742 716 3814 locutione
732 3743 952 3814 consulendae
965 3759 1036 3810 not.
1057 3741 1132 3812 orit.

84 3869 122 3935 p.
138 3859 224 3926 317.
248 3846 376 3910 Eorum
391 3845 496 3912 virtus
512 3865 622 3912 autem
638 3867 672 3916 et
686 3847 723 3913 in
737 3847 854 3936 primis
869 3845 906 3911 in
919 3849 1009 3911 Deos
1024 3843 1132 3932 pietat

86 3945 234 4012 maxime
247 3948 430 4012 celebratur
444 3950 533 4036 apud
548 3951 713 4039 antiquos.
747 3949 803 4016 Sic
816 3947 885 4014 iam
898 3951 1034 4014 Homer.
1048 3951 1086 4016 ll.
1100 3973 1131 4028 ι,

87 4061 177 4132 423.
197 4063 296 4115 vocat
318 4043 513 4142 o'ptipotao,
544 4071 611 4140 quo
638 4051 741 4118 etiam
762 4051 839 4118 telle
863 4049 969 4116 utitur
990 4048 1131 4116 Diodor.

89 4149 155 4218 Sic.
174 4167 210 4232 3,
229 4167 262 4218 a.
288 4147 349 4216 ubi
364 4155 459 4239 plora
472 4172 721 4224 commemorat.
753 4152 891 4240 Dionys.
905 4175 938 4220 v.
950 4163 1034 4240 559.
1050 4149 1133 4244 bino
