2748 4906
303 428 345 491 50
571 407 731 472 atoma
776 408 1075 466 axacurrcau

309 587 363 654 cf.
380 587 419 650 ad
439 585 501 648 lnl.
517 581 603 648 Cael.
620 603 648 646 c.
669 584 690 644 l.
716 597 833 648 notata.
878 583 987 648 Obstat
1007 603 1085 647 vero
1106 583 1201 646 locue
1222 583 1326 645 aliue
1346 597 1360 662 g

311 703 377 774 43.
397 689 452 749 nbi
472 687 581 750 Caelar
601 699 719 757 narrat,
753 684 781 748 se
799 689 925 748 Graecis
944 687 1043 747 literie
1064 686 1216 748 Ciceroni
1242 683 1360 766 epistt

311 796 373 854 lam
397 786 529 870 minue,
563 807 603 848 ne
626 788 797 868 intercepta
820 809 855 850 ea
873 789 911 848 ab
932 787 1073 850 hostibus
1090 787 1218 849 consilio
1237 806 1360 870 cognc

313 894 488 964 [ceremur.
525 890 692 970 Superiora
709 891 805 973 igitur
821 891 979 973 pertinere
1001 904 1123 950 tantum
1139 889 1315 949 videntur
1336 907 1360 947 n

241 1041 244 1054 .
314 996 505 1058 characteres
528 1005 561 1052 et
585 988 701 1052 formae
730 992 909 1060 literarum.
951 991 993 1050 ita
1020 1004 1055 1050 ut
1084 991 1230 1072 lingnam
1277 987 1361 1050 [nan

313 1098 413 1158 literis
438 1095 564 1155 Graecia
583 1091 794 1173 exprefferint.
848 1091 943 1174 Quod
966 1091 1097 1172 quidem
1120 1090 1260 1150 testatur
1287 1091 1361 1150 anti

313 1192 498 1279 quiffimurn
523 1207 771 1255 monumentum
791 1193 962 1262 Gallicum,
989 1193 1076 1273 quod
1103 1191 1232 1252 Graecia
1261 1192 1361 1253 literi

315 1299 426 1360 Latina
467 1295 614 1375 exhibet,
651 1294 689 1355 ab
721 1294 878 1375 aliquibus
910 1293 1121 1376 propolitum.
1160 1295 1197 1352 in
1240 1293 1361 1374 quibu

315 1400 434 1460 Martio
452 1401 485 1458 in
503 1396 571 1458 hist.
590 1396 791 1462 deo.Gaulole
809 1398 848 1458 T.
871 1415 902 1458 a.
922 1416 953 1477 p.
971 1413 1027 1479 59.
1074 1397 1124 1455 De
1141 1395 1282 1464 numia,
1316 1399 1361 1474 qu

314 1501 401 1562 idem
417 1499 584 1568 declarant,
599 1495 639 1560 ci.
652 1498 833 1559 Bouterouo
849 1499 882 1556 in
898 1496 1081 1557 recherches
1097 1495 1151 1556 dee
1166 1514 1362 1574 monnoye.

315 1603 355 1664 de
374 1601 489 1664 Franco
511 1619 541 1682 p.
559 1611 619 1676 43.
638 1600 684 1660 62
702 1597 742 1680 sq.
764 1613 796 1660 et
817 1617 897 1676 t9t.
960 1597 1071 1678 Neque
1093 1617 1171 1657 vero
1202 1617 1223 1656 a
1254 1592 1362 1656 Maffi

316 1703 476 1772 lienlibue‚
494 1701 545 1762 vel
562 1701 711 1762 Phocaeie
727 1699 881 1781 accepilie.
900 1713 989 1760 eruta
1006 1700 1123 1760 horum
1138 1713 1362 1760 monument«¹

315 1807 452 1874 docent,
482 1817 518 1862 ut
537 1816 649 1863 monet
668 1801 784 1861 Martio
806 1821 838 1882 p.
853 1813 913 1878 42.
932 1819 958 1860 c.
976 1801 997 1862 l.
1036 1799 1226 1881 Propugnat
1246 1813 1362 1862 tamer

316 1924 376 1990 pto
398 1904 464 1987 ipio
487 1903 539 1963 Gr.
566 1903 599 1964 L.
625 1901 680 1961 usu
697 1901 824 1964 Cluver.
845 1903 879 1962 in
898 1901 1007 1962 Germ.
1024 1915 1087 1960 ant.
1104 1919 1130 1968 ι,
1152 1913 1183 1978 3.
1205 1920 1287 1985 pag.
1306 1913 1362 1981 23,

310 2028 355 2070 ex
378 2005 508 2066 Luciaoi
527 2003 662 2064 Hercule
679 2004 785 2071 Gallo.
812 2002 912 2064 ubila
934 2015 1052 2072 narrat,
1081 2000 1160 2062 lein
1176 2001 1295 2062 Gallia
1321 2024 1363 2065 re

315 2106 425 2191 perille
441 2105 619 2172 hominem.
637 2108 648 2178 (
659 2101 686 2181 !)
711 2101 851 2188 ἀκριβῶς
869 2097 928 2190 τὴν
946 2097 1094 2166 Ἑλλάδα
1113 2096 1229 2186 φωνὴν
1248 2099 1363 2184 ἁφιὲν

315 2228 378 2280 τας
407 2208 446 2266 de
459 2202 595 2268 Caesarie
610 2205 661 2265 illa
677 2205 803 2286 epillola
820 2221 919 2288 putat,
945 2204 1083 2266 Nervios
1104 2202 1256 2285 spectare,
1286 2206 1363 2268 Ger·

313 2310 456 2371 manicae
481 2302 632 2389 originis;
670 2307 807 2388 deniqne
830 2327 897 2368 non
922 2325 1035 2368 ornnea
1066 2307 1201 2368 omnino
1235 2307 1363 2370 Graece

315 2411 403 2490 loqui
428 2407 579 2491 potuille,
611 2409 737 2488 quoda
760 2429 836 2470 vero
859 2427 926 2469 non
949 2408 1086 2468 alienum
1110 2408 1256 2472 videtur.
1318 2411 1364 2470 lta

315 2511 419 2574 statuit
438 2512 533 2570 eriam
557 2509 739 2570 Hendreich
764 2511 797 2570 in
822 2505 954 2570 Maffilia
972 2529 1003 2591 p.
1027 2523 1111 2588 193.¹
1144 2508 1245 2571 Certe
1272 2529 1364 2572 amo·

313 2631 382 2672 rem
407 2611 593 2672 Graecarum
615 2609 776 2672 literarum
798 2629 814 2670 a
838 2607 1078 2673 hlalsrlienlrbua
1100 2608 1138 2670 ad
1161 2609 1281 2673 Gallos
1310 2612 1364 2673 de·

315 2713 452 2782 fluxiss'e,
478 2710 590 2772 diserte
610 2710 736 2772 testatur
756 2712 868 2775 Strabo
884 2724 919 2790 4.
943 2732 973 2794 p.
995 2724 1074 2788 125.
1092 2709 1113 2772 l.
1133 2723 1215 2788 181.
1262 2710 1364 2774 Rese-

314 2830 391 2874 runt
407 2815 468 2874 huc
488 2817 584 2873 etiam
606 2826 765 2876 certamen
783 2813 836 2876 Gr.
854 2827 886 2874 et
903 2815 971 2875 Lat.
989 2809 1169 2892 facundiae,
1194 2813 1365 2897 Lugduni

314 2915 489 2998 aCaligula
513 2914 707 2985 institutum.
735 2917 861 2996 dequo
884 2915 1015 2976 Srreton.
1041 2933 1107 2995 cap.
1129 2929 1186 2976 ao.
1225 2915 1364 2996 Magos

316 3036 373 3079 eoa
396 3028 489 3076 vocat
509 3014 591 3077 Plio.
614 3016 668 3078 16.
683 3013 706 3079 f.
730 3012 790 3093 (cf.
809 3031 865 3095 30.
880 3019 916 3093 ’4.
934 3012 955 3078 l.
976 3035 1006 3077 t.
1027 3030 1060 3076 et
1075 3015 1191 3076 Martio
1208 3034 1241 3095 p.
1265 3027 1364 3096 2⁰4·

316 3135 343 3180 c.
360 3118 407 3203 l.)
430 3116 600 3196 theologos,
626 3108 829 3207 philosophos
843 3131 874 3178 et
891 3129 984 3176 vates
996 3117 1132 3177 Diodor.
1155 3116 1216 3176 Sic.
1236 3127 1270 3192 5.
1295 3133 1362 3196 31.

314 3231 348 3282 et
367 3216 508 3280 sacrificia
529 3236 635 3280 curare
659 3219 752 3287 dicit.
787 3239 866 3300 quae
888 3217 926 3278 ab
945 3216 1013 3278 aliie
1035 3217 1124 3298 (rid.
1148 3213 1259 3297 sopra)
1285 3237 1364 3278 nar·

313 3334 433 3381 rantur.
487 3317 599 3380 Noller
611 3309 795 3408 sapientiae
815 3316 997 3406 mistros,
1022 3318 1109 3397 quod
1132 3315 1259 3378 strenue
1284 3331 1363 3380 tue·

312 3432 364 3481 tur
390 3420 538 3479 Bandean
565 3421 599 3478 in
626 3420 785 3481 Memoire
811 3419 828 3480 ὲ
855 3417 1012 3480 consulter
1034 3435 1118 3499 pour
1143 3417 1187 3477 let
1216 3419 1362 3482 enciens

312 3523 450 3582 Druidee
473 3520 603 3581 Gaulole
623 3536 730 3581 contre
754 3521 816 3582 Mr.
834 3521 940 3588 Bailli.
964 3519 1269 3595 (l’aria1777.8.)
1299 3521 1360 3601 qui

312 3623 345 3682 in
361 3622 468 3682 lettree
485 3619 532 3679 sur
551 3620 697 3704 l'origine
714 3623 767 3682 des
785 3620 917 3682 iciencee
930 3653 982 3665 ——
1001 3619 1216 3686 contenderat.
1242 3619 1360 3684 literae

312 3741 329 3784 a
356 3721 580 3802 septemtrione
606 3723 638 3780 in
671 3723 807 3782 anstrum
838 3720 997 3803 migralie.
1033 3721 1230 3800 Galliamque
1257 3735 1355 3792 tunc,

311 3841 386 3883 cum
410 3825 550 3902 primum
571 3821 794 3883 astronomicae
811 3818 1047 3883 observationes
1068 3821 1141 3882 alibi
1158 3818 1257 3882 factae
1280 3820 1357 3886 fue·

309 3925 384 3990 rint.
410 3924 551 4005 ignotam
570 3921 667 3986 fuiss'e.
706 3925 857 3986 Ceterum
875 3942 977 3983 unum
994 3923 1103 3990 modo.
1127 3923 1212 4002 quod
1229 3939 1353 3986 monet

309 4025 336 4086 l.
353 4023 537 4085 Gronoviue
553 4025 623 4086 MS.
640 4027 784 4086 ordinem
807 4024 999 4085 sacerdotum
1022 4025 1114 4105 ponit
1130 4023 1232 4092 Mela.
1268 4043 1352 4086 cum

306 4137 428 4212 praeter
461 4125 599 4190 Druidae
636 4126 733 4190 ellent
766 4143 893 4209 quoque
925 4123 1028 4187 Bardi
1059 4117 1192 4209 [poetae
1218 4117 1278 4212 hi]
1314 4139 1350 4189 et
