2696 4896
176 413 230 472 nr
252 411 395 472 roera.
422 412 531 470 arat.
572 413 608 473 1.
629 413 680 468 nr.
722 411 756 472 c
778 413 830 477 vt.
871 411 898 484 t
922 434 950 472 ι.
1025 423 1087 492 ¹⁷5

436 587 465 652 C
489 585 517 650 Δ
537 587 576 652 Ρ.
627 587 689 651 vt.

65 773 292 827 HISPANHE
326 775 572 824 Exa'zntonts
599 776 652 823 m·
681 773 1062 825 azeTltM‘tntoMma

379 908 528 957 ocum
570 909 757 957 mauult.

214 1097 244 1176 §.
277 1117 307 1160 a.
347 1097 413 1157 iris
437 1093 545 1176 oris)
596 1094 760 1159 Hactenua
775 1095 815 1158 de
831 1113 884 1158 ora
901 1095 935 1156 in
954 1093 1088 1177 ieptem

43 1201 168 1262 triones
192 1198 347 1281 exposrta;
380 1216 467 1258 nunc
492 1214 584 1258 more
611 1195 665 1260 [uo
687 1199 725 1258 ad
749 1198 941 1260 Gaditanum
966 1194 1089 1258 fretum

44 1301 191 1364 reversus
211 1298 326 1361 insulae
346 1301 503 1381 potiores.
533 1311 569 1358 ut
591 1291 702 1380 paffim
719 1297 890 1382 descriptae
907 1317 980 1360 orae
1001 1297 1087 1360 obia-

44 1419 137 1474 cent,
163 1413 341 1468 enumerat.
368 1419 553 1462 vaornnve.
591 1398 730 1481 Respicit
751 1401 823 1461 libri
842 1417 874 1464 a.
888 1419 957 1483 cap.
973 1415 1006 1474 7.
1029 1397 1088 1460 ubi

44 1507 79 1566 in
96 1503 300 1566 recensendis
323 1499 433 1563 insulia
456 1503 551 1562 maria
571 1502 691 1562 interni
707 1503 744 1562 ad
765 1503 912 1564 Baeticae
932 1501 1088 1586 anguium

44 1605 253 1691 proceiierat.
287 1615 322 1666 et
351 1605 387 1665 in
413 1603 597 1666 Colubraria
621 1616 655 1666 et
678 1601 784 1668 Ebuso
811 1603 995 1666 substiterat.
1035 1597 1087 1668 Cf·

45 1710 82 1770 ad
105 1724 143 1781 Ω,
170 1725 205 1785 7.
226 1709 272 1769 in.

1 1983 3 2004 ‚
124 1907 290 1992 Gades)
339 1911 390 1970 De
406 1909 522 1992 quibua
538 1909 604 1973 vid.
621 1921 729 1972 notata
750 1909 788 1972 ad
808 1927 839 1983 e,
857 1925 891 1988 7.
906 1911 953 1976 in.

123 2111 305 2194 rectam)
354 2111 424 2182 Est.
456 2115 505 2174 uti
527 2125 561 2175 et
584 2113 729 2176 adiuncta
751 2113 786 2175 in
810 2113 1010 2197 obpositione
1033 2113 1089 2178 rio·

47 2229 141 2287 cent,
174 2234 255 2296 quae
274 2232 334 2275 nec
354 2216 389 2274 in
412 2215 510 2275 altum
530 2217 709 2298 prominet,
734 2234 794 2276 nec
811 2217 933 2278 recedit
948 2215 1087 2296 obliqua.

48 2319 103 2380 Sic
120 2331 156 2394 3.
171 2327 205 2394 5,
224 2330 255 2396 5.
279 2327 381 2376 rectus
402 2316 512 2377 alveos
534 2319 575 2378 de
589 2319 668 2376 mari
684 2314 815 2398 Caspio,
841 2331 874 2378 et
898 2317 950 2378 aiii
970 2329 1089 2378 rectum

46 2419 144 2489 Heus,
170 2418 274 2488 limes,
301 2437 420 2500 aquae,
447 2437 526 2498 quae
549 2418 702 2500 exempli·
724 2415 889 2499 proposuit
911 2419 1087 2481 Burmann.
1125 2485 1128 2492 ,

1 2575 2 2596 ἦ
46 2521 85 2582 ad
100 2520 206 2582 Valer.
228 2517 327 2579 Fiecc.
345 2527 380 2596 4,
403 2515 487 2598 614.
509 2531 542 2582 et
558 2522 596 2582 ad
615 2519 733 2583 Lucan.
752 2533 784 2600 5,
803 2533 888 2596 207.
914 2519 972 2582 ubi
992 2521 1089 2584 etiam

46 2622 212 2684 videndus
233 2619 444 2702 Oudendorp.

123 2827 167 2886 in
198 2821 360 2900 altero)
418 2822 499 2884 Urbs
520 2821 573 2884 iita
595 2835 660 2885 erat
685 2813 738 2888 ἐπὶ
768 2822 836 2888 τῶν
860 2820 1012 2913 ἑσπερίων
1032 2822 1091 2910 τῆς

50 2922 152 3011 νήσου
166 2923 284 3014 μερῶν.
315 2921 429 2986 Strabo
448 2939 480 3003 5.
499 2943 529 3006 p.
547 2940 626 3000 ¹¹7·
644 2923 669 3010 i.
689 2927 770 3004 169.
824 2927 861 2988 io
875 2929 974 2991 altero
990 2929 1089 3012 igitur

48 3047 162 3099 cornu,
188 3028 245 3087 ubi
261 3027 354 3088 litum
370 3039 435 3085 erat
450 3026 615 3107 templum,
639 3024 793 3109 [pectebat
807 3030 975 3100 orientem,
1001 3029 1089 3111 quod

48 3143 82 3192 et
100 3128 217 3190 diserte
236 3128 342 3189 verbio
366 3123 511 3188 [obiectio
527 3129 671 3190 adfirmat
688 3128 800 3190 Strabo
817 3149 845 3192 c.
861 3129 883 3191 l.
906 3127 1089 3218 τέτραπται

47 3225 129 3319 πρὸς
150 3224 204 3300 ἕω.
228 3221 338 3292 καθἰἳ
358 3222 394 3310 δὴ
410 3222 555 3313 μάλιστα
574 3229 617 3312 τῇ
637 3221 756 3316 ἠπείρῳ
780 3224 989 3294 συνάπτουσα
1011 3251 1089 3314 rop-

1 3341 2 3410 ἶ
48 3327 149 3417 xcvo
178 3325 197 3416 ἦ
225 3331 336 3416 νῆσος,
372 3321 447 3391 ὅσον
472 3324 639 3392 σταδιαῖον
664 3327 816 3418 πορθμόν
846 3327 1087 3398 tervisinum.

48 3435 138 3494 Hinc
157 3445 247 3493 notat
268 3433 366 3516 vuigo
384 3427 457 3490 ferri
479 3447 520 3492 12
544 3431 589 3494 Μ.
604 3431 639 3492 Ρ.
662 3432 701 3493 ab
718 3431 797 3494 urbe
812 3431 900 3496 ioiffe
913 3447 1088 3506 remotum,

49 3537 120 3610 (uti
144 3535 240 3595 etiam
257 3533 300 3595 eii
316 3535 350 3594 in
373 3533 529 3592 Antonini
550 3533 655 3596 itiner.
677 3554 709 3616 p.
725 3554 770 3596 m.
786 3538 893 3613 408.)
918 3547 955 3596 ut
976 3555 1088 3596 nnme-

48 3657 122 3697 rum
139 3635 287 3697 laborum
304 3633 449 3696 Herculis
463 3635 751 3707 accommodarent,
776 3655 848 3696 cum
866 3649 972 3699 tamen
987 3637 1090 3699 maim

50 3739 86 3799 stt
112 3737 319 3798 intervallum
346 3735 384 3795 ab
410 3753 473 3795 una
499 3732 618 3796 infulae
651 3737 851 3798 extremitate
876 3739 915 3799 ad
947 3740 1088 3803 aiteram.

49 3839 101 3901 Ab
123 3839 245 3920 oppido
263 3837 403 3898 Gadibus
419 3848 580 3896 rernotum
602 3833 690 3898 suiffe
708 3839 845 3899 omnino
859 3841 955 3900 etiarn
970 3839 1091 3902 indicat

1 3947 2 4008 t
48 3942 111 4003 lui.
135 3937 247 4002 Caesar
267 3939 306 4000 rie
327 3937 409 4012 helio
430 3937 517 4000 civiii
539 3953 572 4006 Ω,
596 3946 653 4013 18.
705 3938 839 3999 Recedit
856 3939 1034 4004 Philostrat.
1055 3941 1090 4002 in

50 4045 119 4102 vita
141 4041 307 4125 Apollonii
326 4053 358 4116 5,
383 4051 416 4117 5.
450 4039 505 4120 qui
536 4049 636 4100 totam
663 4037 742 4098 iliud
768 4037 901 4101 insulam
930 4039 1090 4125 occupaii'e

49 4145 156 4206 tradit.
206 4143 361 4226 intelligit
387 4140 450 4202 fine
476 4137 576 4202 dubio
598 4137 749 4212 insulam,
770 4140 979 4222 (Erithyam)
1009 4161 1090 4225 quae
