2748 4888
196 457 252 516 nr
280 457 420 515 pour.
449 458 555 516 um„
597 457 707 516 cm.
750 459 843 521 on.
887 458 967 531 ῃ.
1064 479 1103 542 5¹

68 627 222 712 bingen
258 631 301 694 cle
330 631 447 714 quibua
476 631 540 717 agit
573 631 708 696 Valeliua
733 629 770 692 ul
804 631 963 699 Ammian.
985 647 1038 716 ¹5·
1064 657 1101 720 9.

67 735 237 796 Decorum
254 733 410 804 moribua³
437 736 512 804 vira,
541 735 716 816 praeceptio
738 732 869 814 aliieque
888 735 1100 804 consulendae

62 835 98 896 ei
110 847 241 916 praeter
256 833 407 897 Nostrum
424 837 456 898 io
475 837 587 918 primia
603 835 662 897 lul.
680 831 766 898 Caci.
783 833 822 896 de
837 835 874 896 B.
886 835 924 900 G.
937 839 970 906 6.
985 855 1025 916 13
1038 839 1100 924 iqq.

56 949 87 998 et
100 955 185 1016 quae
206 935 416 1020 conlegerunt
437 937 477 998 de
499 938 538 997 iie
556 936 673 997 Martio
691 938 724 996 in
745 934 826 996 libro
842 937 869 998 la
884 939 1020 1025 religion
1043 945 1099 1007 dea

54 1036 202 1098 Gauloia.
256 1035 437 1102 Multorum
471 1038 511 1099 clo
542 1039 579 1098 iia
607 1035 714 1120 [cripta
741 1036 941 1100 recensentur
973 1042 1006 1102 in
1034 1045 1099 1108 den

50 1137 238 1222 Beylrigen
262 1157 321 1198 zur
343 1137 507 1200 cririichen
525 1139 661 1200 ilillorie
679 1139 735 1200 cler
757 1137 938 1202 Deualchen
959 1145 1097 1225 Sprache

48 1237 87 1302 P.
108 1253 144 1300 2.
160 1261 196 1300 n.
218 1257 275 1300 ιι.
291 1259 323 1322 p.
343 1249 565 1320 325-343.
591 1259 670 1320 quae
685 1251 716 1302 et
734 1241 840 1322 augeri
856 1239 983 1324 possint·
1018 1247 1097 1308 Fue·

46 1355 132 1402 mut
152 1353 320 1421 praeterea
348 1342 444 1403 etiam
466 1339 608 1402 Druides
626 1332 788 1429 feminae,
818 1361 882 1422 quo
910 1341 1023 1424 spectat
1048 1349 1097 1410 in·

48 1439 182 1524 [aipaio
207 1443 293 1522 apud
317 1441 443 1504 Gruter.
469 1463 502 1524 p.
520 1443 578 1512 62,
599 1461 612 1508 a
620 1461 654 1520 9.
690 1444 804 1522 inqua
828 1443 977 1527 leguntur
999 1447 1093 1512 haec:

47 1545 156 1620 Apate
168 1541 283 1603 Druis
295 1543 442 1636 aolssiea
449 1533 574 1633 somnio
589 1543 722 1604 monita.
751 1541 934 1606 Gallicanae
948 1545 1094 1612 Druides

46 1657 352 1705 commemorantur
366 1645 400 1704 in
417 1641 543 1725 Vopisci
561 1644 730 1706 Aureliano
747 1663 805 1726 cap
832 1655 893 1727 44.
920 1647 977 1706 ubi
994 1649 1094 1713 maalta

46 1743 91 1808 de
114 1747 155 1806 iie
181 1741 340 1830 congcffit
361 1744 524 1808 sumnum
547 1761 581 1809 et
606 1747 644 1807 acl
669 1745 844 1829 Lampridii
867 1747 958 1813 Alex.
982 1751 1093 1820 sever.

46 1866 116 1930 cap.
142 1847 208 1916 60,

125 2045 293 2130 uelint)
334 2047 487 2113 Potuillea
502 2050 616 2118 dicere.
639 2063 675 2110 ut
694 2051 862 2132 inceperat,
884 2049 1092 2126 uoluntatem,

46 2150 170 2232 quippe
189 2168 352 2229 quaeror
370 2153 402 2211 in
421 2151 476 2212 ulu
494 2151 554 2221 est,
588 2171 663 2212 cum
679 2153 754 2212 aliae
771 2155 877 2233 inopia
897 2154 974 2216 lalee
996 2159 1093 2218 uaria·

47 2253 157 2332 tiqnee
183 2251 308 2334 gignat.
358 2253 420 2314 Sed
455 2255 487 2313 id
514 2255 656 2314 variandi
686 2273 787 2338 genua
821 2251 908 2335 [repe
933 2256 1029 2316 etiam
1052 2257 1092 2320 ab

45 2353 182 2416 achimo
206 2350 393 2433 scriptorum
417 2355 542 2434 pendet.
597 2355 657 2414 lul.
682 2351 767 2416 Cael.
788 2354 821 2424 6,
843 2367 899 2434 aq.
918 2355 958 2417 de
979 2375 1013 2416 re
1028 2355 1093 2438 ipia

48 2454 107 2516 fic:
136 2453 243 2514 musto
258 2452 298 2513 de
311 2451 436 2515 deorum
459 2454 682 2516 immortalium
696 2458 731 2517 vi
751 2474 791 2517 ac
811 2453 970 2548 potestate
984 2456 1091 2542 dupu-

46 2568 141 2628 ἐπὶ,
168 2567 204 2616 et
222 2555 383 2616 immanes·
403 2555 588 2620 hartmuot.

122 2755 321 2838 vicenis)
371 2757 514 2839 Explicat
537 2757 575 2819 lic
596 2773 708 2818 vocem
725 2755 790 2820 diu.
828 2757 866 2818 ln
883 2776 918 2818 re
933 2757 1092 2823 consentit

48 2859 109 2920 lul.
128 2858 220 2924 Cael.
238 2860 300 2920 cl.
322 2862 466 2938 quarraria
487 2859 563 2921 baec
586 2858 696 2919 habea:
731 2859 871 2919 nonnulli
888 2879 990 2920 annos
1011 2865 1092 2923 uice·

48 2981 107 3023 uos
123 2963 156 3021 iar
175 2951 346 3050 disciplina
364 2973 557 3038 peruramur.
585 2960 700 3020 Banier
718 2961 750 3019 in
761 2961 960 3021 Giitrerlehra
975 2963 1043 3024 Vol.
1055 2979 1090 3028 Ω.

47 3081 79 3144 p.
97 3063 189 3144 645.
215 3073 321 3143 putat,
355 3061 452 3123 Gallia
468 3063 563 3122 etiam
586 3081 708 3122 arcanae
723 3059 788 3122 luae
808 3061 965 3123 doctrinas
987 3065 1091 3126 occul·

48 3162 132 3227 lall'e.
175 3159 320 3224 Saltibus
341 3177 447 3222 aulem
469 3164 546 3222 dicia
564 3161 686 3228 Noster,
713 3181 784 3222 cum
808 3175 881 3223 ante
905 3163 965 3224 lul.
983 3164 1091 3227 Caela·

47 3283 116 3326 rem
134 3265 260 3345 templa
278 3261 417 3325 habuiffe
434 3262 613 3326 videantur.
647 3261 697 3326 ef.
717 3263 846 3326 Martio.
861 3263 903 3325 T.
926 3281 956 3328 a.
982 3265 1038 3329 liv.
1059 3287 1091 3332 a.

49 3363 99 3428 th.
123 3379 182 3442 13.
215 3373 271 3444 ¹4·

125 3566 402 3648 praecipiunt
409 3564 428 3649 )
478 3567 579 3629 Antea
600 3566 727 3628 docent.
763 3565 835 3627 Hoc
850 3565 936 3626 enirn
953 3565 1089 3630 verbum

48 3665 90 3729 ale
112 3666 265 3752 magistro
290 3669 385 3730 etiam
409 3667 471 3728 dici
498 3666 589 3739 [olet.
619 3669 674 3750 qui
697 3681 796 3730 artem
819 3668 956 3750 aliquam
984 3671 1089 3744 tradit,

48 3771 142 3831 cuiue
164 3771 311 3852 exempla
329 3767 401 3830 luna
422 3769 529 3832 obvia.

127 3961 344 4059 affluxit)
396 3969 511 4032 Omnia
530 3972 618 4032 enim
639 3973 757 4033 arcanis
780 3968 975 4032 sermonibus
998 3971 1091 4034 aradi·
1136 4039 1139 4046 p

50 4071 185 4143 derunt,
212 4091 273 4133 nec
288 4071 376 4134 libria
389 4073 563 4153 quidquam
581 4075 780 4133 mandarunt.
834 4071 926 4134 Cerae
943 4093 980 4131 an
998 4075 1091 4136 Drui.

50 4173 163 4235 dnum
187 4171 299 4258 scripta
321 4174 424 4256 aliqua
443 4173 582 4256 callent,
615 4170 645 4235 le
664 4172 782 4234 nelcire
803 4169 919 4236 fatetur
936 4173 1091 4258 Origenes

681 4275 711 4336 D
741 4289 759 4336 o
