2746 4894
289 409 356 477 δη
561 397 724 460 noran
760 399 1066 464 arroarrcar

291 577 350 640 des
369 566 567 658 Ethiopiens
583 571 664 637 dans
679 571 844 661 l'Al'rique
864 595 922 661 par
942 577 1125 641 Fourmont
1133 575 1176 642 in
1190 575 1318 650 Memoi.

177 681 180 688 ’
291 698 344 742 res
359 711 412 726 -
429 675 471 738 de
486 672 577 739 Paris
592 676 634 744 T.
646 691 679 754 7.
689 696 721 761 p.
730 688 804 764 497
818 678 884 765 qu.
894 679 993 763 (Hag.
1003 680 1056 758 C.)
1088 681 1184 744 Certe
1199 678 1253 767 ipfi
1267 703 1319 768 po·

290 777 363 868 puli
383 777 497 864 pallara
515 774 585 840 iam
600 777 690 862 apud
712 780 896 842 Homerum
913 799 1224 860 commemorantur,
1245 807 1275 848 v.
1292 807 1318 850 c.

291 886 330 948 ll.
345 895 471 960 ι,493.
490 879 598 960 odyn
615 894 715 956 r,u3.
741 877 799 966 qui
813 882 906 946 locus
920 879 956 945 in
969 879 1089 968 primis
1103 885 1260 948 notandus
1271 885 1318 949 est

290 981 342 1049 lbi
360 978 452 1046 enim
467 977 626 1058 Αἰθίοπες,
649 977 702 1046 roi
719 975 824 1070 διχθᾰ
840 979 1016 1058 δεδαίαται,
1039 979 1180 1072 ἔσχατοι
1197 984 1319 1076 ἀνδρῶν,

291 1085 349 1175 (cf.
365 1083 452 1168 Virg.
466 1085 552 1150 Aen.
568 1093 604 1162 4,
620 1081 722 1167 489.)
748 1085 778 1147 ol
788 1081 848 1175 pir
864 1081 1042 1176 δυσομένου
1057 1077 1231 1178 ὑπερίονος,
1252 1089 1280 1152 ol
1296 1085 1321 1153 δ’

291 1181 449 1262 detineor.
485 1187 537 1248 Ex
556 1205 623 1270 quo
641 1185 791 1272 adparet,
816 1185 985 1274 duplicem
1002 1186 1217 1276 Aethiopiam
1231 1209 1319 1274 agno·

290 1289 381 1368 ville,
407 1306 511 1352 uuam
526 1286 637 1349 versus
651 1287 792 1360 Eurum,
817 1309 900 1376 quas
917 1287 983 1354 fuit
1004 1289 1131 1372 Libyae
1147 1313 1231 1378 pars,
1254 1295 1321 1355 alte·

289 1413 362 1456 rant
382 1388 495 1454 versus
513 1384 723 1453 occidentem
744 1390 766 1453 s.
782 1390 988 1475 Zephyrum,
1015 1391 1111 1458 cuius
1128 1394 1255 1458 causam
1275 1413 1321 1456 εχ.

289 1489 402 1584 posuit
417 1492 534 1556 Strabo
554 1511 584 1556 a.
601 1511 634 1574 p.
653 1509 709 1555 99.
725 1491 747 1559 l.
767 1503 824 1572 39.
865 1493 994 1578 Nempe
1009 1491 1164 1580 quodibi
1180 1492 1322 1581 navigan·

288 1614 339 1662 tes
354 1596 408 1658 vel
424 1594 465 1656 ab
483 1588 622 1663 oriente,
643 1594 697 1654 vel
713 1590 898 1667 occidente,
915 1616 993 1658 cum
1007 1595 1070 1660 iter
1086 1619 1240 1682 peragere
1254 1617 1324 1662 con-

289 1696 388 1764 tinuo
410 1694 508 1759 cursu
530 1691 790 1780 impedirentur,
820 1693 1004 1782 Aethiopas
1027 1696 1199 1785 utrimque
1219 1699 1322 1782 dopre-

289 1801 485 1866 henderent.
533 1797 615 1858 Eam
628 1791 729 1876 etiam
744 1793 802 1862 hic
817 1795 1012 1882 opinionem
1026 1800 1156 1864 secutus
1175 1802 1217 1865 eli
1231 1801 1322 1871 Mela,

290 1920 326 1968 et
339 1905 381 1968 fic
395 1896 481 1966 Plin.
497 1910 531 1977 5,
549 1907 582 1976 8.
599 1893 621 1960 l.
636 1905 672 1977 4.
691 1895 863 1962 nominato
881 1901 1041 1966 Homero.
1094 1903 1179 1965 lnde
1199 1900 1323 1988 quidam

290 2015 499 2088 componunt
514 1996 766 2084 discrepantiam
780 2015 963 2074 auctorum,
987 2001 1132 2090 quirem
1147 2005 1190 2067 de
1203 2005 1323 2071 Andro·

290 2108 390 2172 meda
415 2102 535 2190 gellam
559 2097 597 2164 in
622 2098 804 2187 Aethiopia
818 2119 972 2188 ponunt.
1012 2102 1085 2170 vid.
1102 2107 1145 2172 ad
1172 2130 1202 2179 r,
1224 2127 1276 2178 rr,
1293 2119 1321 2183 3.

290 2209 503 2279 Ptolemaeus
517 2213 553 2285 4,
567 2219 602 2281 7.
618 2217 651 2266 et
666 2221 699 2284 9.
721 2205 819 2267 habet
834 2201 1052 2290 Aethiopiam
1068 2197 1132 2272 iuri
1154 2202 1323 2292 Αἴγυπτον,

291 2332 391 2400 quam
409 2303 560 2372 extendit
573 2306 612 2368 ab
628 2304 745 2368 occasu
760 2306 801 2368 ad
820 2302 1015 2370 interiorem
1026 2305 1167 2388 Libyam
1182 2324 1216 2372 et
1235 2326 1323 2372 ame-

289 2411 377 2481 ridic
398 2411 440 2476 ad
459 2411 603 2494 Raptum
620 2404 887 2492 promontorium
909 2409 931 2475 l.
947 2407 1165 2472 Barbaricum
1189 2412 1324 2496 pelagus,

290 2531 326 2580 et
345 2509 540 2579 interiorem
562 2529 579 2572 a
598 2510 706 2592 Rapto
729 2523 763 2570 et
784 2509 881 2572 Pralo
898 2509 1135 2596 promontoriis
1156 2513 1200 2574 acl
1217 2511 1324 2596 Hespe-

205 2621 209 2628 '
289 2615 381 2682 rium
404 2617 509 2677 linum
525 2605 652 2675 Oceani
669 2630 688 2673 a
703 2607 808 2690 Libya
831 2609 965 2697 propria
984 2613 1027 2676 ad
1048 2627 1169 2676 terram
1184 2609 1325 2698 incogni·

289 2735 370 2784 tam.
407 2711 609 2777 Heliodorus
631 2709 803 2776 terminari
827 2711 910 2777 dicit
932 2713 1141 2780 catanhactis
1157 2709 1326 2802 Aegyptiis

290 2835 326 2886 et
337 2814 443 2883 Philia
456 2816 549 2878 urbe.
576 2809 649 2876 vid.
661 2812 819 2899 Aethiop.
829 2811 887 2878 lib.
898 2825 931 2891 8.
945 2810 993 2881 in.
1017 2815 1058 2880 ci.
1074 2835 1110 2898 9.
1123 2817 1146 2880 f.
1165 2833 1202 2881 et
1219 2813 1326 2883 ro.in.

288 2923 407 2991 Strabo
428 2933 483 2996 17.
498 2913 545 2979 in.
565 2918 696 2996 Syenen
711 2931 746 2978 et
759 2913 1005 3000 Elephantinen
1026 2915 1110 2982 fines
1129 2915 1327 3002 Aethiopiae

289 3021 390 3097 lacit,
414 3019 485 3106 poll
504 3014 679 3103 Hesperios
694 3013 876 3102 Aethiopas
897 3037 973 3102 pag.
990 3021 1074 3105 569.
1089 3020 1111 3083 l.
1128 3030 1216 3105 827.
1238 3020 1327 3105 lupra

289 3117 533 3191 Mauretaniam
550 3121 712 3183 conlocat.
764 3117 942 3196 Hebraeis,
970 3118 1088 3184 fifides
1108 3121 1152 3184 est
1172 3121 1326 3208 interpre-

289 3225 380 3295 tibus
395 3239 429 3288 et
442 3219 610 3308 patribus,
636 3217 760 3284 dicitur
784 3211 876 3295 Ml),
908 3220 963 3284 [ed
985 3223 1026 3284 lic
1047 3222 1198 3287 latisfime
1221 3239 1326 3288 exten·

290 3328 393 3396 ditur.
427 3325 514 3387 Nam
529 3318 672 3386 Chulitis
689 3321 988 3406 adpellaturMosrs
1003 3343 1088 3386 uxor
1105 3327 1206 3390 Num.
1227 3343 1281 3399 ro,
1297 3346 1323 3386 r.

291 3451 392 3520 quam
411 3419 607 3490 Midianitin
628 3417 721 3486 fuille
744 3423 876 3488 constat.
926 3421 1057 3488 Midian
1078 3442 1191 3490 autem
1214 3429 1326 3490 urbem

291 3529 386 3599 inille
405 3526 443 3594 in
459 3521 561 3588 maria
582 3521 675 3587 rubri
691 3521 790 3587 litore
806 3546 846 3589 ex
860 3523 999 3610 lolepho
1017 3543 1083 3592 ant.
1101 3547 1132 3600 9,
1148 3543 1183 3608 5.
1208 3545 1244 3592 ct
1256 3523 1325 3591 aliis

291 3628 446 3702 discitur,
472 3643 507 3690 et
523 3623 710 3712 promiscue
727 3626 818 3691 Chua
832 3642 867 3688 et
878 3623 1008 3690 Midian
1023 3646 1195 3712 ponuntur
1208 3630 1325 3694 Hahac.

264 3769 269 3774 -
292 3751 328 3817 5,
346 3751 381 3813 7.
414 3735 470 3795 'Ex
486 3749 552 3815 quo
570 3723 709 3814 aliisque
724 3726 926 3812 argumentis
942 3727 1077 3794 conficit
1095 3733 1280 3796 Bochartua
1292 3727 1326 3792 in

289 3837 415 3919 Phaleg
430 3843 467 3914 4,
488 3849 519 3894 9.
547 3829 639 3893 Chua
670 3828 732 3892 effe
762 3826 939 3904 Arabiam,
975 3845 1089 3897 contra
1114 3829 1327 3918 Aethiopiam

291 3937 355 4010 elle
369 3935 456 4007 Lod,
479 3905 589 4018 (alil)
614 3930 705 4016 quod
726 3928 849 4016 argutis
868 3929 973 4017 magis
993 3931 1207 4018 argumentis,
1231 3953 1326 4020 quam

291 4034 424 4102 idoneis
439 4029 592 4098 evincere
606 4028 729 4102 studuit
743 4053 772 4100 c.
788 4035 811 4130 l.
826 4043 862 4115 4,
882 4035 938 4098 96.
973 4032 1024 4098 uti
1047 4037 1124 4099 Lod
1138 4047 1175 4116 4,
1194 4039 1252 4100 96.
1267 4035 1327 4114 Ly·

292 4131 385 4206 diam
414 4133 516 4203 etiam
541 4136 664 4220 signare
688 4130 774 4200 dicit
797 4137 842 4204 oh
866 4134 1039 4202 Maeandri
1063 4153 1096 4204 st
1118 4135 1188 4204 Nili
1212 4133 1327 4207 similet
