2746 4894
239 355 303 440 576
506 355 672 422 norun
712 357 1013 420 exnonrtorr

240 531 373 600 Krhirr.
413 529 630 600 tuumntlet
650 533 751 598 delcr.
775 533 817 597 de
837 535 992 619 l'Egypte
1007 553 1041 618 p.
1069 543 1149 606 ¹⁰7
1169 525 1217 612 lq.
1245 524 1312 590 1²0·

243 639 346 702 cocke
369 639 410 702 T.
433 659 461 700 1.
480 661 512 724 p.
526 659 571 702 m.
589 639 647 719 56.
674 633 733 723 qui
755 649 850 722 putat
871 638 906 699 h.
923 636 985 698 elle
1003 633 1201 702 Matutae,
1229 625 1310 692 Nie-

241 739 329 804 buhr
344 735 565 804 Reilebelchr.
581 738 668 802 nach
681 733 824 802 Arabien
838 739 908 801 Vol.
926 761 955 800 ι.
971 759 1003 821 p.
1018 754 1072 816 99
1094 733 1145 818 sq.
1169 729 1256 816 (qui
1275 731 1309 795 h.

241 837 404 906 Arabibut
427 837 495 904 dici
514 839 763 906 Ain-Schnems
787 837 959 920 adfirmat)
992 859 1010 900 a
1034 833 1178 922 quihus
1205 829 1312 896 etiam

243 941 378 1016 rudera,
408 940 514 1007 veluti
537 939 719 1028 Sphingee,
746 937 907 1005 obeliscus
932 937 1194 1004 describuntur.
1234 930 1311 998 vid.

241 1059 411 1128 praeterea
426 1045 515 1130 apud
526 1042 731 1108 Pococlrium
749 1044 812 1106 tab.
824 1046 857 1107 6.
883 1044 1040 1107 Ceterum
1055 1039 1182 1102 nostre
1194 1031 1312 1100 Helio·

242 1141 330 1232 polin
346 1165 414 1210 non
438 1145 538 1209 debet
552 1143 714 1210 conlundi
736 1165 813 1210 cum
829 1141 910 1218 elia,
937 1165 1020 1232 quae
1035 1139 1110 1210 fuit
1128 1138 1173 1205 in
1189 1137 1312 1204 Coele-

243 1241 338 1329 Syria
358 1246 381 1314 t
405 1244 584 1317 Phoenice.

317 1448 500 1540 archiv)
520 1453 572 1515 De
584 1452 651 1516 hoc
667 1447 795 1516 (lictum
812 1449 856 1514 est
871 1446 908 1512 in
922 1443 1012 1514 notin
1026 1444 1103 1514 crit.
1122 1467 1160 1533 p.
1173 1440 1309 1530 306sq.

208 1565 212 1576 ·
242 1547 303 1614 uhi
324 1547 402 1614 addi
424 1552 529 1638 potest
547 1553 784 1617 Gutbetlethur
807 1549 842 1616 in
860 1549 956 1616 inlcr.
977 1554 1209 1630 Smyrnaeum
1231 1563 1307 1632 pag.

249 1667 318 1734 139
333 1653 399 1740 [qq.
425 1675 504 1730 nec,
539 1655 632 1742 quod
653 1655 695 1720 ad
716 1653 954 1740 explanandam
978 1645 1225 1715 difficultatem
1248 1649 1306 1710 ha·

242 1753 326 1831 heo,
358 1755 485 1819 adferre
506 1757 643 1842 potrum.
696 1755 853 1822 Ceterum
875 1753 966 1818 diem
986 1776 1063 1816 eum
1087 1752 1221 1817 festum
1243 1747 1308 1812 ello

242 1853 412 1941 Aegyptiis
429 1855 520 1922 canit
535 1861 683 1923 Lactant.
699 1882 731 1924 v.
754 1871 796 1936 15
806 1881 817 1920 r
838 1858 881 1942 lq.
905 1873 939 1920 et
954 1877 971 1918 a
989 1853 1229 1920 sacerdotibus
1245 1853 1305 1915 Ae·

242 1955 365 2044 gyptiie
389 1957 584 2025 defunctum
609 1957 810 2044 phoenicem
835 1955 961 2048 sepeliri
985 1955 1085 2024 tradit
1107 1955 1304 2039 Horapolln

242 2055 279 2122 in
301 2057 518 2145 Hirroglyph.
542 2079 576 2134 Ω,
601 2074 658 2141 57·
707 2061 758 2128 cf.
781 2063 883 2126 Barth
910 2061 952 2122 ad
980 2057 1161 2124 Claudian.
1185 2079 1220 2121 v.
1241 2065 1301 2132 5⁰·

241 2161 389 2224 Renatne
406 2159 553 2246 phoenix
566 2161 603 2228 in
618 2160 758 2248 patrium
773 2157 861 2225 redit
875 2162 935 2224 lec.
953 2162 1122 2245 Horapoll.
1140 2181 1172 2224 c.
1190 2161 1215 2226 1.
1244 2151 1302 2220 sie

242 2262 399 2326 Clemens
421 2265 562 2330 Roman.
589 2261 626 2328 in
651 2262 784 2350 epistola
812 2264 852 2326 ad
880 2257 1031 2326 Corinth.
1056 2285 1085 2336 r,
1114 2275 1177 2341 25.
1201 2255 1298 2327 dicit.

241 2360 302 2426 ubi
328 2365 423 2450 super
446 2369 546 2430 altare
569 2363 655 2430 Solis
679 2363 848 2450 Heliopoli
874 2361 1020 2448 posuerit
1042 2361 1196 2448 parentis
1222 2355 1298 2422 reli·

243 2462 350 2550 quiae,
376 2463 412 2529 in
427 2463 594 2546 Arabiam.
621 2468 711 2534 unde
728 2482 874 2541 venerat,
899 2463 1020 2539 redire,
1043 2485 1071 2534 c.
1090 2468 1112 2530 l.
1133 2477 1218 2554 pag.
1235 2463 1296 2540 65.

244 2565 295 2629 ed.
320 2567 507 2638 Colomefii.
1060 2601 1062 2606 N

326 2769 522 2836 Ceraunii
552 2772 737 2857 montes)
774 2761 1097 2862 Gulispativiui'pp.
1134 2769 1291 2837 Comme·

242 2888 417 2936 morantur
433 2893 451 2936 a
466 2874 554 2940 Mela
570 2871 672 2942 etiam
686 2871 722 2939 iu
737 2873 841 2964 Epiro
860 2892 892 2948 n.
909 2889 944 2951 3,
965 2895 1019 2937 ιο.
1042 2889 1075 2936 et
1094 2869 1184 2938 inter
1204 2873 1291 2934 Pon·

243 2988 317 3038 tum
342 2971 512 3050 Euxinum
535 2993 569 3040 et
591 2997 684 3040 mare
710 2974 867 3061 Caspium
892 2989 1067 3059 ponuntur
1089 2997 1119 3047 ι,
1148 2993 1207 3062 19,
1234 2983 1287 3048 13.

247 3091 280 3154 3,
299 3087 333 3154 5,
356 3087 410 3156 14·
460 3079 503 3144 tt
527 3077 585 3143 hic
605 3074 642 3142 in
670 3095 814 3142 extrema
835 3067 964 3142 Africae
994 3091 1087 3162 parte
1110 3073 1168 3138 alii
1191 3091 1289 3161 quae·

242 3175 341 3240 rendi
367 3178 459 3250 lunt.
492 3177 552 3243 ubi
578 3201 669 3244 maro
694 3179 832 3242 rubrum
863 3173 1038 3242 clauditur.
1098 3179 1187 3240 Cum
1214 3191 1285 3237 raro

245 3295 438 3352 occurrant,
481 3277 615 3344 adiuvat
641 3301 757 3346 eorum
782 3276 909 3342 montio
935 3279 1023 3363 apud
1051 3275 1192 3343 Diodor.
1221 3273 1284 3340 Sic.

245 3395 280 3458 3,
302 3381 360 3454 67.
388 3401 427 3442 ex
449 3403 515 3469 quo
538 3382 662 3448 Vosfius
679 3403 736 3446 eos
759 3397 872 3446 contra
892 3373 1089 3444 Pintianum
1111 3377 1215 3446 tuitus
1232 3375 1283 3448 est,

243 3482 564 3566 adprobanteetiam
578 3481 790 3569 Weffelingio
811 3483 852 3546 ed
869 3479 1008 3547 Diodor.
1025 3505 1053 3549 c.
1069 3484 1090 3548 l.
1125 3483 1285 3550 Promon-

243 3579 368 3646 torium
390 3583 480 3669 quod
495 3589 548 3660 fit,
578 3605 638 3673 pro
656 3601 745 3649 certo
762 3583 936 3648 adfinnare
951 3603 1019 3649 non
1036 3586 1145 3652 aufim.
1185 3587 1283 3648 Forte

243 3683 287 3746 est
302 3683 521 3766 Mollylicnm,
544 3688 634 3751 unde
650 3690 729 3751 lube
739 3683 945 3753 Atlanticum
952 3705 1044 3750 mare
1059 3681 1191 3774 incipit,
1208 3683 1282 3749 teste

161 3831 164 3838 ·
241 3783 354 3851 Plinio
372 3785 406 3862 6,
425 3801 483 3870 34.
501 3789 520 3854 l.
541 3808 598 3872 29.
634 3789 685 3855 cf.
708 3811 749 3852 ex
772 3808 812 3851 eo
831 3786 935 3853 Solin.
959 3791 1017 3868 56.
1039 3789 1059 3854 s.
1077 3791 1135 3858 60.
1177 3787 1280 3852 Ptole·

240 3883 328 3952 mei
344 3897 380 3968 4,
397 3907 429 3974 7.
447 3887 607 3958 Μόσυλον
630 3883 740 3982 ἄκρον.
780 3890 830 3953 Ad
843 3887 1017 3974 Hesperios
1042 3887 1133 3954 enirn
1149 3885 1279 3954 Aethio·

206 4079 209 4085 Ι
240 4009 299 4080 pes
321 3989 429 4056 tendit
442 3995 529 4056 Mela
553 3991 702 4067 adscitis,
726 3989 785 4080 qui
800 3993 909 4056 versun
924 3992 1065 4055 Meroen
1079 3987 1275 4054 habitabunt.

240 4090 330 4161 Mire
349 4089 460 4162 autem
472 4093 609 4162 videtur
624 4091 892 4186 promontorium
910 4094 1073 4182 adpellare
1089 4095 1224 4168 inuium,
1247 4103 1278 4154 et
