<?xml version="1.0" encoding="UTF-8"?>
<!DOCTYPE html PUBLIC "-//W3C//DTD XHTML 1.0 Transitional//EN"
    "http://www.w3.org/TR/xhtml1/DTD/xhtml1-transitional.dtd">
<html xmlns="http://www.w3.org/1999/xhtml" xml:lang="en" lang="en">
 <head>
  <title>
</title>
<meta http-equiv="Content-Type" content="text/html;charset=utf-8" />
  <meta name='ocr-system' content='tesseract 3.04.00' />
  <meta name='ocr-capabilities' content='ocr_page ocr_carea ocr_par ocr_line ocrx_word'/>
</head>
<body>
  <div class='ocr_page' id='page_1' title='image "./pomponiimelaede03melagoog_0078.png"; bbox 0 0 2748 4888; ppageno 0'>
   <div class='ocr_carea' id='block_1_1' title="bbox 254 341 1032 466">
    <p class='ocr_par' dir='ltr' id='par_1_1' title="bbox 254 341 1032 466">
     <span class='ocr_line' id='line_1_1' title="bbox 254 341 1032 466; baseline -0.003 -18"><span class='ocrx_word' id='word_1_1' title='bbox 254 341 299 466; x_wconf 67' lang='grc' dir='ltr'><strong>Ι78</strong></span> <span class='ocrx_word' id='word_1_2' title='bbox 528 385 690 448; x_wconf 67' lang='lat' dir='ltr'><strong>Hom</strong></span> <span class='ocrx_word' id='word_1_3' title='bbox 727 385 1032 446; x_wconf 63' lang='lat' dir='ltr'><strong>excolentem</strong></span> 
     </span>
    </p>
   </div>
   <div class='ocr_carea' id='block_1_2' title="bbox 195 557 1331 3778">
    <p class='ocr_par' dir='ltr' id='par_1_2' title="bbox 195 557 1331 3778">
     <span class='ocr_line' id='line_1_2' title="bbox 261 557 1331 646; baseline 0 -22"><span class='ocrx_word' id='word_1_4' title='bbox 261 575 349 634; x_wconf 82' lang='lat' dir='ltr'><strong>rent,</strong></span> <span class='ocrx_word' id='word_1_5' title='bbox 373 573 410 622; x_wconf 88' lang='lat' dir='ltr'><strong>ut</strong></span> <span class='ocrx_word' id='word_1_6' title='bbox 426 560 489 624; x_wconf 79' lang='lat' dir='ltr'><strong>tnb.</strong></span> <span class='ocrx_word' id='word_1_7' title='bbox 506 559 692 646; x_wconf 75' lang='lat' dir='ltr'><strong>Peutinger.</strong></span> <span class='ocrx_word' id='word_1_8' title='bbox 714 581 745 624; x_wconf 90' lang='grc' dir='ltr'><strong>ι.</strong></span> <span class='ocrx_word' id='word_1_9' title='bbox 763 559 801 626; x_wconf 83' lang='grc' dir='ltr'><strong>Δ.</strong></span> <span class='ocrx_word' id='word_1_10' title='bbox 836 557 889 626; x_wconf 82' lang='lat' dir='ltr'><strong>Cf.</strong></span> <span class='ocrx_word' id='word_1_11' title='bbox 906 559 1066 624; x_wconf 76' lang='lat' dir='ltr'><strong>d&#39;Anville</strong></span> <span class='ocrx_word' id='word_1_12' title='bbox 1081 583 1115 646; x_wconf 91' lang='lat' dir='ltr'><strong>p.</strong></span> <span class='ocrx_word' id='word_1_13' title='bbox 1132 571 1217 641; x_wconf 78' lang='lat'><strong>355.</strong></span> <span class='ocrx_word' id='word_1_14' title='bbox 1236 581 1272 625; x_wconf 90' lang='lat' dir='ltr'><strong>c.</strong></span> <span class='ocrx_word' id='word_1_15' title='bbox 1296 559 1331 639; x_wconf 77' lang='grc'><strong>1.</strong></span> 
     </span>
     <span class='ocr_line' id='line_1_3' title="bbox 262 661 1327 748; baseline -0.002 -22"><span class='ocrx_word' id='word_1_16' title='bbox 262 661 448 748; x_wconf 75' lang='lat' dir='ltr'><strong>Weiieling.</strong></span> <span class='ocrx_word' id='word_1_17' title='bbox 474 663 514 727; x_wconf 84' lang='lat' dir='ltr'><strong>ed</strong></span> <span class='ocrx_word' id='word_1_18' title='bbox 532 661 689 726; x_wconf 79' lang='lat' dir='ltr'><strong>Antonini</strong></span> <span class='ocrx_word' id='word_1_19' title='bbox 713 664 784 726; x_wconf 91' lang='lat' dir='ltr'><strong>itin.</strong></span> <span class='ocrx_word' id='word_1_20' title='bbox 808 682 840 745; x_wconf 92' lang='lat' dir='ltr'><strong>p.</strong></span> <span class='ocrx_word' id='word_1_21' title='bbox 859 665 945 742; x_wconf 83' lang='grc'><strong>363.</strong></span> <span class='ocrx_word' id='word_1_22' title='bbox 980 665 1006 727; x_wconf 89' lang='lat' dir='ltr'><strong>i.</strong></span> <span class='ocrx_word' id='word_1_23' title='bbox 1023 662 1095 726; x_wconf 87' lang='lat' dir='ltr'><strong>Nic.</strong></span> <span class='ocrx_word' id='word_1_24' title='bbox 1116 663 1245 725; x_wconf 80' lang='lat' dir='ltr'><strong>Loensu</strong></span> <span class='ocrx_word' id='word_1_25' title='bbox 1276 665 1327 724; x_wconf 83' lang='lat' dir='ltr'><strong>in</strong></span> 
     </span>
     <span class='ocr_line' id='line_1_4' title="bbox 263 751 1324 848; baseline -0.003 -21"><span class='ocrx_word' id='word_1_26' title='bbox 263 763 392 828; x_wconf 77' lang='lat' dir='ltr'><strong>miscell.</strong></span> <span class='ocrx_word' id='word_1_27' title='bbox 420 751 572 848; x_wconf 77' lang='lat' dir='ltr'><strong>epiphyil.</strong></span> <span class='ocrx_word' id='word_1_28' title='bbox 595 778 629 844; x_wconf 84' lang='lat'><strong>5.</strong></span> <span class='ocrx_word' id='word_1_29' title='bbox 653 778 709 842; x_wconf 75' lang='lat'><strong>25.</strong></span> <span class='ocrx_word' id='word_1_30' title='bbox 756 761 966 828; x_wconf 80' lang='lat' dir='ltr'><strong>Montinucon</strong></span> <span class='ocrx_word' id='word_1_31' title='bbox 997 762 1049 828; x_wconf 78' lang='lat' dir='ltr'><strong>sur</strong></span> <span class='ocrx_word' id='word_1_32' title='bbox 1076 766 1107 828; x_wconf 84' lang='lat' dir='ltr'><strong>ie</strong></span> <span class='ocrx_word' id='word_1_33' title='bbox 1133 765 1236 828; x_wconf 74' lang='lat' dir='ltr'><strong>Phene</strong></span> <span class='ocrx_word' id='word_1_34' title='bbox 1265 765 1324 825; x_wconf 76' lang='lat' dir='ltr'><strong>de</strong></span> 
     </span>
     <span class='ocr_line' id='line_1_5' title="bbox 264 863 1321 950; baseline 0.002 -22"><span class='ocrx_word' id='word_1_35' title='bbox 264 865 474 929; x_wconf 81' lang='lat' dir='ltr'><strong>l&#39;Alexendrie</strong></span> <span class='ocrx_word' id='word_1_36' title='bbox 495 867 527 928; x_wconf 87' lang='lat' dir='ltr'><strong>in</strong></span> <span class='ocrx_word' id='word_1_37' title='bbox 551 865 726 930; x_wconf 84' lang='lat' dir='ltr'><strong>Memoiree</strong></span> <span class='ocrx_word' id='word_1_38' title='bbox 750 901 802 914; x_wconf 94' lang='lat'><strong>·-</strong></span> <span class='ocrx_word' id='word_1_39' title='bbox 826 865 866 928; x_wconf 87' lang='lat' dir='ltr'><strong>de</strong></span> <span class='ocrx_word' id='word_1_40' title='bbox 891 867 977 930; x_wconf 75' lang='lat' dir='ltr'><strong>Perit</strong></span> <span class='ocrx_word' id='word_1_41' title='bbox 1001 867 1042 932; x_wconf 89' lang='lat' dir='ltr'><strong>T.</strong></span> <span class='ocrx_word' id='word_1_42' title='bbox 1062 885 1096 948; x_wconf 90' lang='lat'><strong>9.</strong></span> <span class='ocrx_word' id='word_1_43' title='bbox 1118 887 1149 950; x_wconf 87' lang='lat' dir='ltr'><strong>p.</strong></span> <span class='ocrx_word' id='word_1_44' title='bbox 1173 879 1246 946; x_wconf 73' lang='lat'><strong>293</strong></span> <span class='ocrx_word' id='word_1_45' title='bbox 1262 863 1321 946; x_wconf 79' lang='lat' dir='ltr'><strong>sq.</strong></span> 
     </span>
     <span class='ocr_line' id='line_1_6' title="bbox 265 961 1324 1052; baseline 0.002 -23"><span class='ocrx_word' id='word_1_46' title='bbox 265 965 336 1051; x_wconf 82' lang='lat' dir='ltr'><strong>(ed.</strong></span> <span class='ocrx_word' id='word_1_47' title='bbox 354 961 457 1052; x_wconf 82' lang='lat' dir='ltr'><strong>Heg.)</strong></span> <span class='ocrx_word' id='word_1_48' title='bbox 492 967 533 1030; x_wconf 74' lang='lat' dir='ltr'><strong>At</strong></span> <span class='ocrx_word' id='word_1_49' title='bbox 548 966 662 1030; x_wconf 75' lang='lat' dir='ltr'><strong>diserte</strong></span> <span class='ocrx_word' id='word_1_50' title='bbox 676 963 708 1029; x_wconf 91' lang='lat' dir='ltr'><strong>id</strong></span> <span class='ocrx_word' id='word_1_51' title='bbox 725 966 869 1030; x_wconf 76' lang='lat' dir='ltr'><strong>adfirmat</strong></span> <span class='ocrx_word' id='word_1_52' title='bbox 885 982 994 1031; x_wconf 82' lang='lat' dir='ltr'><strong>auctor</strong></span> <span class='ocrx_word' id='word_1_53' title='bbox 1009 988 1187 1046; x_wconf 81' lang='lat' dir='ltr'><strong>euonymne</strong></span> <span class='ocrx_word' id='word_1_54' title='bbox 1201 969 1236 1028; x_wconf 91' lang='lat' dir='ltr'><strong>in</strong></span> <span class='ocrx_word' id='word_1_55' title='bbox 1255 986 1324 1031; x_wconf 78' lang='lat' dir='ltr'><strong>ex·</strong></span> 
     </span>
     <span class='ocr_line' id='line_1_7' title="bbox 266 1067 1322 1150; baseline -0.001 -20"><span class='ocrx_word' id='word_1_56' title='bbox 266 1069 382 1150; x_wconf 82' lang='lat' dir='ltr'><strong>cerptie</strong></span> <span class='ocrx_word' id='word_1_57' title='bbox 402 1071 443 1131; x_wconf 86' lang='lat' dir='ltr'><strong>de</strong></span> <span class='ocrx_word' id='word_1_58' title='bbox 465 1067 652 1132; x_wconf 77' lang='lat' dir='ltr'><strong>Constantio</strong></span> <span class='ocrx_word' id='word_1_59' title='bbox 675 1081 707 1132; x_wconf 84' lang='lat' dir='ltr'><strong>et</strong></span> <span class='ocrx_word' id='word_1_60' title='bbox 730 1068 938 1132; x_wconf 73' lang='lat' dir='ltr'><strong>constantino</strong></span> <span class='ocrx_word' id='word_1_61' title='bbox 961 1069 1007 1132; x_wconf 88' lang='lat' dir='ltr'><strong>M.</strong></span> <span class='ocrx_word' id='word_1_62' title='bbox 1032 1069 1072 1130; x_wconf 73' lang='lat' dir='ltr'><strong>act</strong></span> <span class='ocrx_word' id='word_1_63' title='bbox 1092 1069 1208 1134; x_wconf 78' lang='lat' dir='ltr'><strong>calcem</strong></span> <span class='ocrx_word' id='word_1_64' title='bbox 1230 1071 1322 1131; x_wconf 80' lang='lat' dir='ltr'><strong>Am·</strong></span> 
     </span>
     <span class='ocr_line' id='line_1_8' title="bbox 265 1167 1325 1256; baseline -0.003 -24"><span class='ocrx_word' id='word_1_65' title='bbox 265 1170 366 1232; x_wconf 85' lang='lat' dir='ltr'><strong>mimi</strong></span> <span class='ocrx_word' id='word_1_66' title='bbox 387 1168 421 1231; x_wconf 91' lang='lat' dir='ltr'><strong>in</strong></span> <span class='ocrx_word' id='word_1_67' title='bbox 445 1170 496 1232; x_wconf 88' lang='lat' dir='ltr'><strong>ed.</strong></span> <span class='ocrx_word' id='word_1_68' title='bbox 515 1170 660 1234; x_wconf 78' lang='lat' dir='ltr'><strong>Gronov.</strong></span> <span class='ocrx_word' id='word_1_69' title='bbox 682 1191 753 1256; x_wconf 79' lang='lat' dir='ltr'><strong>pag.</strong></span> <span class='ocrx_word' id='word_1_70' title='bbox 773 1181 857 1250; x_wconf 79' lang='lat'><strong>504.</strong></span> <span class='ocrx_word' id='word_1_71' title='bbox 881 1172 932 1234; x_wconf 83' lang='lat' dir='ltr'><strong>hit</strong></span> <span class='ocrx_word' id='word_1_72' title='bbox 953 1169 1073 1233; x_wconf 76' lang='lat' dir='ltr'><strong>verbio:</strong></span> <span class='ocrx_word' id='word_1_73' title='bbox 1106 1172 1195 1234; x_wconf 80' lang='lat' dir='ltr'><strong>venit</strong></span> <span class='ocrx_word' id='word_1_74' title='bbox 1216 1167 1325 1250; x_wconf 72' lang='lat' dir='ltr'><strong>apud</strong></span> 
     </span>
     <span class='ocr_line' id='line_1_9' title="bbox 265 1263 1323 1363; baseline 0.003 -33"><span class='ocrx_word' id='word_1_75' title='bbox 265 1271 464 1342; x_wconf 81' lang='lat' dir='ltr'><strong>Bononiam,</strong></span> <span class='ocrx_word' id='word_1_76' title='bbox 490 1291 585 1354; x_wconf 82' lang='lat' dir='ltr'><strong>quam</strong></span> <span class='ocrx_word' id='word_1_77' title='bbox 607 1271 693 1334; x_wconf 75' lang='lat' dir='ltr'><strong>Galli</strong></span> <span class='ocrx_word' id='word_1_78' title='bbox 713 1273 805 1352; x_wconf 82' lang='lat' dir='ltr'><strong>prius</strong></span> <span class='ocrx_word' id='word_1_79' title='bbox 824 1263 1025 1363; x_wconf 75' lang='lat' dir='ltr'><strong><em>Gesoriacum</em></strong></span> <span class='ocrx_word' id='word_1_80' title='bbox 1043 1269 1217 1335; x_wconf 78' lang='lat' dir='ltr'><strong>vocabant.</strong></span> <span class='ocrx_word' id='word_1_81' title='bbox 1265 1272 1323 1333; x_wconf 84' lang='lat' dir='ltr'><strong>Et</strong></span> 
     </span>
     <span class='ocr_line' id='line_1_10' title="bbox 268 1371 1325 1455; baseline 0.002 -23"><span class='ocrx_word' id='word_1_82' title='bbox 268 1371 308 1434; x_wconf 85' lang='lat' dir='ltr'><strong>iic</strong></span> <span class='ocrx_word' id='word_1_83' title='bbox 324 1373 358 1434; x_wconf 89' lang='lat' dir='ltr'><strong>in</strong></span> <span class='ocrx_word' id='word_1_84' title='bbox 378 1374 485 1435; x_wconf 85' lang='lat' dir='ltr'><strong>numie</strong></span> <span class='ocrx_word' id='word_1_85' title='bbox 502 1373 654 1436; x_wconf 86' lang='lat' dir='ltr'><strong>Bononio</strong></span> <span class='ocrx_word' id='word_1_86' title='bbox 673 1372 790 1437; x_wconf 79' lang='lat' dir='ltr'><strong>Oneon.</strong></span> <span class='ocrx_word' id='word_1_87' title='bbox 808 1371 828 1436; x_wconf 85' lang='lat' dir='ltr'><strong>i.</strong></span> <span class='ocrx_word' id='word_1_88' title='bbox 848 1372 1003 1438; x_wconf 82' lang='lat' dir='ltr'><strong>Ocecnen.</strong></span> <span class='ocrx_word' id='word_1_89' title='bbox 1019 1375 1164 1446; x_wconf 81' lang='lat' dir='ltr'><strong>occurrit,</strong></span> <span class='ocrx_word' id='word_1_90' title='bbox 1190 1372 1325 1455; x_wconf 71' lang='lat' dir='ltr'><strong>quibu·</strong></span> 
     </span>
     <span class='ocr_line' id='line_1_11' title="bbox 267 1471 1323 1560; baseline -0.003 -24"><span class='ocrx_word' id='word_1_91' title='bbox 267 1471 449 1538; x_wconf 70' lang='lat' dir='ltr'><strong>Constantio</strong></span> <span class='ocrx_word' id='word_1_92' title='bbox 470 1477 615 1537; x_wconf 82' lang='lat' dir='ltr'><strong>treiectue</strong></span> <span class='ocrx_word' id='word_1_93' title='bbox 633 1473 709 1537; x_wconf 88' lang='lat' dir='ltr'><strong>hinc</strong></span> <span class='ocrx_word' id='word_1_94' title='bbox 730 1477 764 1542; x_wconf 79' lang='lat' dir='ltr'><strong>in</strong></span> <span class='ocrx_word' id='word_1_95' title='bbox 781 1475 979 1541; x_wconf 78' lang='lat' dir='ltr'><strong>Britanniam</strong></span> <span class='ocrx_word' id='word_1_96' title='bbox 996 1495 1048 1540; x_wconf 80' lang='lat' dir='ltr'><strong>nn.</strong></span> <span class='ocrx_word' id='word_1_97' title='bbox 1063 1483 1147 1556; x_wconf 74' lang='grc'><strong>343.</strong></span> <span class='ocrx_word' id='word_1_98' title='bbox 1168 1475 1323 1560; x_wconf 71' lang='lat' dir='ltr'><strong>defigun-</strong></span> 
     </span>
     <span class='ocr_line' id='line_1_12' title="bbox 268 1573 1321 1660; baseline 0.003 -26"><span class='ocrx_word' id='word_1_99' title='bbox 268 1587 331 1638; x_wconf 82' lang='lat' dir='ltr'><strong>tur.</strong></span> <span class='ocrx_word' id='word_1_100' title='bbox 361 1575 432 1639; x_wconf 80' lang='lat' dir='ltr'><strong>vid.</strong></span> <span class='ocrx_word' id='word_1_101' title='bbox 447 1573 567 1638; x_wconf 78' lang='lat' dir='ltr'><strong>liniche</strong></span> <span class='ocrx_word' id='word_1_102' title='bbox 579 1577 655 1640; x_wconf 84' lang='lat' dir='ltr'><strong>Lex.</strong></span> <span class='ocrx_word' id='word_1_103' title='bbox 671 1597 761 1641; x_wconf 87' lang='lat' dir='ltr'><strong>num.</strong></span> <span class='ocrx_word' id='word_1_104' title='bbox 779 1577 820 1641; x_wconf 90' lang='lat' dir='ltr'><strong>T.</strong></span> <span class='ocrx_word' id='word_1_105' title='bbox 834 1598 864 1640; x_wconf 88' lang='grc' dir='ltr'><strong>ι.</strong></span> <span class='ocrx_word' id='word_1_106' title='bbox 880 1577 917 1640; x_wconf 88' lang='grc' dir='ltr'><strong>Ρ.</strong></span> <span class='ocrx_word' id='word_1_107' title='bbox 936 1597 965 1639; x_wconf 92' lang='grc' dir='ltr'><strong>ι.</strong></span> <span class='ocrx_word' id='word_1_108' title='bbox 984 1597 1017 1660; x_wconf 95' lang='lat' dir='ltr'><strong>p.</strong></span> <span class='ocrx_word' id='word_1_109' title='bbox 1032 1575 1138 1654; x_wconf 79' lang='lat'><strong>1567.</strong></span> <span class='ocrx_word' id='word_1_110' title='bbox 1174 1578 1224 1638; x_wconf 84' lang='lat' dir='ltr'><strong>De</strong></span> <span class='ocrx_word' id='word_1_111' title='bbox 1241 1573 1321 1658; x_wconf 76' lang='lat' dir='ltr'><strong>ipso</strong></span> 
     </span>
     <span class='ocr_line' id='line_1_13' title="bbox 266 1667 1320 1764; baseline 0.002 -26"><span class='ocrx_word' id='word_1_112' title='bbox 266 1677 400 1740; x_wconf 80' lang='lat' dir='ltr'><strong>traiectu</strong></span> <span class='ocrx_word' id='word_1_113' title='bbox 428 1674 470 1742; x_wconf 78' lang='lat' dir='ltr'><strong>ci.</strong></span> <span class='ocrx_word' id='word_1_114' title='bbox 492 1679 633 1744; x_wconf 88' lang='lat' dir='ltr'><strong>Eumen.</strong></span> <span class='ocrx_word' id='word_1_115' title='bbox 658 1677 692 1740; x_wconf 88' lang='lat' dir='ltr'><strong>in</strong></span> <span class='ocrx_word' id='word_1_116' title='bbox 719 1667 868 1764; x_wconf 75' lang='lat' dir='ltr'><strong>panegyr.</strong></span> <span class='ocrx_word' id='word_1_117' title='bbox 898 1675 936 1740; x_wconf 85' lang='lat' dir='ltr'><strong>ed</strong></span> <span class='ocrx_word' id='word_1_118' title='bbox 967 1678 1189 1744; x_wconf 75' lang='lat' dir='ltr'><strong>Constantium</strong></span> <span class='ocrx_word' id='word_1_119' title='bbox 1216 1673 1320 1741; x_wconf 80' lang='lat' dir='ltr'><strong>Ceei.</strong></span> 
     </span>
     <span class='ocr_line' id='line_1_14' title="bbox 267 1771 1321 1872; baseline 0 -32"><span class='ocrx_word' id='word_1_120' title='bbox 267 1796 334 1862; x_wconf 81' lang='lat' dir='ltr'><strong>cap.</strong></span> <span class='ocrx_word' id='word_1_121' title='bbox 358 1789 412 1859; x_wconf 76' lang='lat'><strong>¹4·</strong></span> <span class='ocrx_word' id='word_1_122' title='bbox 447 1780 503 1864; x_wconf 91' lang='lat' dir='ltr'><strong>qui</strong></span> <span class='ocrx_word' id='word_1_123' title='bbox 523 1793 556 1844; x_wconf 87' lang='lat' dir='ltr'><strong>et</strong></span> <span class='ocrx_word' id='word_1_124' title='bbox 576 1771 774 1872; x_wconf 79' lang='lat' dir='ltr'><strong>Bononiense</strong></span> <span class='ocrx_word' id='word_1_125' title='bbox 794 1780 951 1863; x_wconf 87' lang='lat' dir='ltr'><strong>oppidum</strong></span> <span class='ocrx_word' id='word_1_126' title='bbox 969 1779 1009 1842; x_wconf 88' lang='lat' dir='ltr'><strong>de</strong></span> <span class='ocrx_word' id='word_1_127' title='bbox 1027 1781 1078 1842; x_wconf 86' lang='lat' dir='ltr'><strong>ille</strong></span> <span class='ocrx_word' id='word_1_128' title='bbox 1099 1779 1321 1862; x_wconf 75' lang='lat' dir='ltr'><strong>expeditione</strong></span> 
     </span>
     <span class='ocr_line' id='line_1_15' title="bbox 265 1880 1317 1967; baseline 0.004 -26"><span class='ocrx_word' id='word_1_129' title='bbox 265 1894 499 1944; x_wconf 76' lang='lat' dir='ltr'>commemorat</span> <span class='ocrx_word' id='word_1_130' title='bbox 527 1880 562 1944; x_wconf 90' lang='lat' dir='ltr'><strong>in</strong></span> <span class='ocrx_word' id='word_1_131' title='bbox 589 1881 745 1967; x_wconf 73' lang='lat' dir='ltr'><strong>Panegyr.</strong></span> <span class='ocrx_word' id='word_1_132' title='bbox 775 1881 815 1944; x_wconf 85' lang='lat' dir='ltr'><strong>ed</strong></span> <span class='ocrx_word' id='word_1_133' title='bbox 845 1880 1043 1945; x_wconf 77' lang='lat' dir='ltr'><strong>constantin.</strong></span> <span class='ocrx_word' id='word_1_134' title='bbox 1071 1881 1151 1966; x_wconf 75' lang='lat' dir='ltr'><strong>Aug.</strong></span> <span class='ocrx_word' id='word_1_135' title='bbox 1177 1899 1246 1962; x_wconf 77' lang='lat' dir='ltr'><strong>cap.</strong></span> <span class='ocrx_word' id='word_1_136' title='bbox 1275 1893 1317 1958; x_wconf 86' lang='lat'><strong>5.</strong></span> 
     </span>
     <span class='ocr_line' id='line_1_16' title="bbox 239 1977 1319 2068; baseline -0.001 -25"><span class='ocrx_word' id='word_1_137' title='bbox 239 1977 243 1986; x_wconf 77' lang='grc'><em>’</em></span> <span class='ocrx_word' id='word_1_138' title='bbox 267 1981 312 2045; x_wconf 85' lang='grc' dir='ltr'><strong>Η.</strong></span> <span class='ocrx_word' id='word_1_139' title='bbox 327 1983 502 2062; x_wconf 81' lang='lat' dir='ltr'><strong>Boulogne.</strong></span> <span class='ocrx_word' id='word_1_140' title='bbox 544 1981 612 2068; x_wconf 86' lang='lat' dir='ltr'><strong>Qui</strong></span> <span class='ocrx_word' id='word_1_141' title='bbox 631 1981 742 2045; x_wconf 73' lang='lat' dir='ltr'><strong>Calais</strong></span> <span class='ocrx_word' id='word_1_142' title='bbox 763 1982 823 2046; x_wconf 78' lang='lat' dir='ltr'><strong>effe</strong></span> <span class='ocrx_word' id='word_1_143' title='bbox 845 1995 975 2067; x_wconf 79' lang='lat' dir='ltr'><strong>putent,</strong></span> <span class='ocrx_word' id='word_1_144' title='bbox 1002 2003 1070 2046; x_wconf 93' lang='lat' dir='ltr'><strong>non</strong></span> <span class='ocrx_word' id='word_1_145' title='bbox 1094 1981 1319 2066; x_wconf 82' lang='lat' dir='ltr'><strong>perpendunt.</strong></span> 
     </span>
     <span class='ocr_line' id='line_1_17' title="bbox 267 2081 1319 2166; baseline -0.002 -22"><span class='ocrx_word' id='word_1_146' title='bbox 267 2083 394 2144; x_wconf 84' lang='lat' dir='ltr'><strong>nulium</strong></span> <span class='ocrx_word' id='word_1_147' title='bbox 417 2082 473 2144; x_wconf 87' lang='lat' dir='ltr'><strong>illo</strong></span> <span class='ocrx_word' id='word_1_148' title='bbox 497 2096 642 2165; x_wconf 85' lang='lat' dir='ltr'><strong>tempore</strong></span> <span class='ocrx_word' id='word_1_149' title='bbox 663 2096 795 2166; x_wconf 85' lang='lat' dir='ltr'><strong>portum</strong></span> <span class='ocrx_word' id='word_1_150' title='bbox 816 2083 862 2145; x_wconf 89' lang='lat' dir='ltr'><strong>ibi</strong></span> <span class='ocrx_word' id='word_1_151' title='bbox 883 2081 988 2154; x_wconf 80' lang='lat' dir='ltr'><strong>fuiffe.</strong></span> <span class='ocrx_word' id='word_1_152' title='bbox 1021 2103 1081 2146; x_wconf 84' lang='lat' dir='ltr'><strong>nec</strong></span> <span class='ocrx_word' id='word_1_153' title='bbox 1097 2097 1170 2146; x_wconf 83' lang='lat' dir='ltr'><strong>ente</strong></span> <span class='ocrx_word' id='word_1_154' title='bbox 1183 2083 1319 2166; x_wconf 85' lang='lat' dir='ltr'><strong>Philip·</strong></span> 
     </span>
     <span class='ocr_line' id='line_1_18' title="bbox 267 2183 1317 2268; baseline 0.005 -26"><span class='ocrx_word' id='word_1_155' title='bbox 267 2202 365 2268; x_wconf 88' lang='lat' dir='ltr'><strong>pum.</strong></span> <span class='ocrx_word' id='word_1_156' title='bbox 403 2185 556 2246; x_wconf 83' lang='lat' dir='ltr'><strong>comitem</strong></span> <span class='ocrx_word' id='word_1_157' title='bbox 586 2183 841 2257; x_wconf 80' lang='lat' dir='ltr'><strong>Bononiensem.</strong></span> <span class='ocrx_word' id='word_1_158' title='bbox 879 2185 991 2249; x_wconf 84' lang='lat' dir='ltr'><strong>urbem</strong></span> <span class='ocrx_word' id='word_1_159' title='bbox 1019 2184 1190 2248; x_wconf 76' lang='lat' dir='ltr'><strong>moenibus</strong></span> <span class='ocrx_word' id='word_1_160' title='bbox 1222 2201 1317 2247; x_wconf 76' lang='lat' dir='ltr'><strong>cert·</strong></span> 
     </span>
     <span class='ocr_line' id='line_1_19' title="bbox 268 2284 1319 2372; baseline 0.002 -26"><span class='ocrx_word' id='word_1_161' title='bbox 268 2285 416 2349; x_wconf 79' lang='lat' dir='ltr'><strong>cinctam.</strong></span> <span class='ocrx_word' id='word_1_162' title='bbox 450 2284 522 2349; x_wconf 82' lang='lat' dir='ltr'><strong>vid.</strong></span> <span class='ocrx_word' id='word_1_163' title='bbox 540 2285 1018 2372; x_wconf 70' lang='lat' dir='ltr'><strong>Archaeologie(i.ond.1792.</strong></span> <span class='ocrx_word' id='word_1_164' title='bbox 1037 2289 1087 2369; x_wconf 81' lang='grc'><strong>4.)</strong></span> <span class='ocrx_word' id='word_1_165' title='bbox 1101 2289 1141 2351; x_wconf 86' lang='lat' dir='ltr'><strong>T.</strong></span> <span class='ocrx_word' id='word_1_166' title='bbox 1157 2305 1211 2349; x_wconf 88' lang='grc' dir='ltr'><strong>ιο.</strong></span> <span class='ocrx_word' id='word_1_167' title='bbox 1230 2308 1263 2348; x_wconf 91' lang='lat' dir='ltr'><strong>n.</strong></span> <span class='ocrx_word' id='word_1_168' title='bbox 1282 2304 1319 2348; x_wconf 89' lang='grc' dir='ltr'><strong>ι.</strong></span> 
     </span>
     <span class='ocr_line' id='line_1_20' title="bbox 266 2379 1317 2471; baseline 0 -23"><span class='ocrx_word' id='word_1_169' title='bbox 266 2386 418 2450; x_wconf 77' lang='lat' dir='ltr'><strong>Attamen</strong></span> <span class='ocrx_word' id='word_1_170' title='bbox 440 2383 600 2450; x_wconf 76' lang='lat' dir='ltr'><strong>d’Anville</strong></span> <span class='ocrx_word' id='word_1_171' title='bbox 622 2408 654 2470; x_wconf 88' lang='lat' dir='ltr'><strong>p.</strong></span> <span class='ocrx_word' id='word_1_172' title='bbox 673 2400 744 2468; x_wconf 79' lang='grc'><strong>339</strong></span> <span class='ocrx_word' id='word_1_173' title='bbox 761 2387 803 2470; x_wconf 84' lang='lat' dir='ltr'><strong>iq.</strong></span> <span class='ocrx_word' id='word_1_174' title='bbox 826 2401 955 2471; x_wconf 82' lang='lat' dir='ltr'><strong>portum</strong></span> <span class='ocrx_word' id='word_1_175' title='bbox 973 2389 1073 2450; x_wconf 81' lang='lat' dir='ltr'><strong>Itium</strong></span> <span class='ocrx_word' id='word_1_176' title='bbox 1094 2379 1211 2451; x_wconf 74' lang='lat' dir='ltr'><strong>notetis</strong></span> <span class='ocrx_word' id='word_1_177' title='bbox 1232 2388 1317 2448; x_wconf 87' lang='lat' dir='ltr'><strong>elio·</strong></span> 
     </span>
     <span class='ocr_line' id='line_1_21' title="bbox 266 2481 1318 2582; baseline 0.001 -33"><span class='ocrx_word' id='word_1_178' title='bbox 266 2505 341 2549; x_wconf 81' lang='lat' dir='ltr'><strong>rum</strong></span> <span class='ocrx_word' id='word_1_179' title='bbox 367 2487 576 2571; x_wconf 69' lang='lat' dir='ltr'><strong>opinionibus</strong></span> <span class='ocrx_word' id='word_1_180' title='bbox 597 2490 764 2552; x_wconf 79' lang='lat' dir='ltr'><strong>contendit</strong></span> <span class='ocrx_word' id='word_1_181' title='bbox 785 2487 845 2552; x_wconf 81' lang='lat' dir='ltr'><strong>effe</strong></span> <span class='ocrx_word' id='word_1_182' title='bbox 867 2490 944 2552; x_wconf 78' lang='lat' dir='ltr'><strong>lituo</strong></span> <span class='ocrx_word' id='word_1_183' title='bbox 966 2481 1112 2582; x_wconf 78' lang='lat' dir='ltr'><strong>Wtffnn.</strong></span> <span class='ocrx_word' id='word_1_184' title='bbox 1144 2503 1177 2554; x_wconf 81' lang='lat' dir='ltr'><strong>et</strong></span> <span class='ocrx_word' id='word_1_185' title='bbox 1200 2486 1318 2552; x_wconf 76' lang='lat' dir='ltr'><strong>caera·</strong></span> 
     </span>
     <span class='ocr_line' id='line_1_22' title="bbox 267 2589 1317 2674; baseline 0.002 -26"><span class='ocrx_word' id='word_1_186' title='bbox 267 2605 337 2648; x_wconf 76' lang='lat' dir='ltr'><strong>rem</strong></span> <span class='ocrx_word' id='word_1_187' title='bbox 359 2589 523 2674; x_wconf 81' lang='lat' dir='ltr'><strong>egreffum,</strong></span> <span class='ocrx_word' id='word_1_188' title='bbox 550 2590 605 2650; x_wconf 89' lang='lat' dir='ltr'><strong>uhi</strong></span> <span class='ocrx_word' id='word_1_189' title='bbox 626 2589 659 2657; x_wconf 90' lang='lat' dir='ltr'><strong>h.</strong></span> <span class='ocrx_word' id='word_1_190' title='bbox 674 2591 779 2674; x_wconf 70' lang='lat' dir='ltr'><strong>Hytin</strong></span> <span class='ocrx_word' id='word_1_191' title='bbox 811 2592 884 2672; x_wconf 83' lang='lat' dir='ltr'><strong>quie</strong></span> <span class='ocrx_word' id='word_1_192' title='bbox 906 2590 945 2654; x_wconf 83' lang='lat' dir='ltr'><strong>fic</strong></span> <span class='ocrx_word' id='word_1_193' title='bbox 964 2609 1119 2653; x_wconf 83' lang='lat' dir='ltr'><strong>numerue</strong></span> <span class='ocrx_word' id='word_1_194' title='bbox 1135 2591 1317 2653; x_wconf 83' lang='lat' dir='ltr'><strong>conveniet</strong></span> 
     </span>
     <span class='ocr_line' id='line_1_23' title="bbox 267 2686 1315 2775; baseline -0.001 -22"><span class='ocrx_word' id='word_1_195' title='bbox 267 2689 303 2753; x_wconf 85' lang='lat' dir='ltr'><strong>in</strong></span> <span class='ocrx_word' id='word_1_196' title='bbox 319 2686 501 2756; x_wconf 81' lang='lat' dir='ltr'><strong>breviffimo</strong></span> <span class='ocrx_word' id='word_1_197' title='bbox 522 2693 663 2754; x_wconf 80' lang='lat' dir='ltr'><strong>traiectu.</strong></span> <span class='ocrx_word' id='word_1_198' title='bbox 699 2692 751 2754; x_wconf 88' lang='lat' dir='ltr'><strong>Sic</strong></span> <span class='ocrx_word' id='word_1_199' title='bbox 771 2705 804 2754; x_wconf 84' lang='lat' dir='ltr'><strong>et</strong></span> <span class='ocrx_word' id='word_1_200' title='bbox 820 2689 1025 2756; x_wconf 71' lang='lat' dir='ltr'>cambdenus</span> <span class='ocrx_word' id='word_1_201' title='bbox 1040 2703 1142 2775; x_wconf 81' lang='lat' dir='ltr'><strong>putet.</strong></span> <span class='ocrx_word' id='word_1_202' title='bbox 1180 2690 1315 2773; x_wconf 83' lang='lat' dir='ltr'><strong>Nempe</strong></span> 
     </span>
     <span class='ocr_line' id='line_1_24' title="bbox 268 2787 1316 2876; baseline 0.002 -24"><span class='ocrx_word' id='word_1_203' title='bbox 268 2787 471 2854; x_wconf 80' lang='lat' dir='ltr'><strong>Gesoriacum</strong></span> <span class='ocrx_word' id='word_1_204' title='bbox 494 2807 526 2855; x_wconf 84' lang='lat' dir='ltr'><strong>et</strong></span> <span class='ocrx_word' id='word_1_205' title='bbox 551 2793 649 2854; x_wconf 91' lang='lat' dir='ltr'><strong>ltium</strong></span> <span class='ocrx_word' id='word_1_206' title='bbox 674 2790 695 2857; x_wconf 83' lang='lat' dir='ltr'><strong>i.</strong></span> <span class='ocrx_word' id='word_1_207' title='bbox 715 2795 852 2865; x_wconf 84' lang='lat' dir='ltr'><strong>Iccium,</strong></span> <span class='ocrx_word' id='word_1_208' title='bbox 879 2794 927 2856; x_wconf 91' lang='lat' dir='ltr'><strong>uti</strong></span> <span class='ocrx_word' id='word_1_209' title='bbox 953 2791 1089 2855; x_wconf 83' lang='lat' dir='ltr'><strong>scribunt</strong></span> <span class='ocrx_word' id='word_1_210' title='bbox 1110 2791 1316 2876; x_wconf 80' lang='lat' dir='ltr'><strong>posterioree.</strong></span> 
     </span>
     <span class='ocr_line' id='line_1_25' title="bbox 268 2890 1317 2965; baseline 0.002 -13"><span class='ocrx_word' id='word_1_211' title='bbox 268 2891 465 2965; x_wconf 79' lang='lat' dir='ltr'><strong>discernunt,</strong></span> <span class='ocrx_word' id='word_1_212' title='bbox 480 2906 517 2954; x_wconf 91' lang='lat' dir='ltr'><strong>ut</strong></span> <span class='ocrx_word' id='word_1_213' title='bbox 533 2892 686 2958; x_wconf 81' lang='lat' dir='ltr'><strong>diverioe.</strong></span> <span class='ocrx_word' id='word_1_214' title='bbox 717 2895 812 2960; x_wconf 82' lang='lat' dir='ltr'><strong>Plura</strong></span> <span class='ocrx_word' id='word_1_215' title='bbox 824 2893 947 2957; x_wconf 81' lang='lat' dir='ltr'><strong>debunt</strong></span> <span class='ocrx_word' id='word_1_216' title='bbox 962 2893 1110 2958; x_wconf 83' lang='lat' dir='ltr'><strong>Fontenu</strong></span> <span class='ocrx_word' id='word_1_217' title='bbox 1125 2896 1158 2954; x_wconf 90' lang='lat' dir='ltr'><strong>in</strong></span> <span class='ocrx_word' id='word_1_218' title='bbox 1173 2891 1241 2955; x_wconf 82' lang='lat' dir='ltr'><strong>diff.</strong></span> <span class='ocrx_word' id='word_1_219' title='bbox 1258 2890 1317 2954; x_wconf 76' lang='lat' dir='ltr'><strong>[ur</strong></span> 
     </span>
     <span class='ocr_line' id='line_1_26' title="bbox 267 2989 1314 3076; baseline 0.004 -20"><span class='ocrx_word' id='word_1_220' title='bbox 267 2991 314 3056; x_wconf 83' lang='lat' dir='ltr'><strong>lce</strong></span> <span class='ocrx_word' id='word_1_221' title='bbox 339 3013 446 3076; x_wconf 79' lang='lat' dir='ltr'><strong>campe</strong></span> <span class='ocrx_word' id='word_1_222' title='bbox 471 2995 510 3056; x_wconf 84' lang='lat' dir='ltr'><strong>de</strong></span> <span class='ocrx_word' id='word_1_223' title='bbox 537 2993 647 3058; x_wconf 70' lang='lat' dir='ltr'><strong>caetae</strong></span> <span class='ocrx_word' id='word_1_224' title='bbox 675 2995 709 3056; x_wconf 88' lang='lat' dir='ltr'><strong>in</strong></span> <span class='ocrx_word' id='word_1_225' title='bbox 737 2995 910 3058; x_wconf 81' lang='lat' dir='ltr'><strong>Memniree</strong></span> <span class='ocrx_word' id='word_1_226' title='bbox 935 3027 984 3044; x_wconf 90' lang='lat'><em>-</em></span> <span class='ocrx_word' id='word_1_227' title='bbox 1010 2996 1050 3057; x_wconf 87' lang='lat' dir='ltr'><strong>de</strong></span> <span class='ocrx_word' id='word_1_228' title='bbox 1075 2989 1163 3060; x_wconf 86' lang='lat' dir='ltr'><strong>Perie</strong></span> <span class='ocrx_word' id='word_1_229' title='bbox 1188 2995 1230 3058; x_wconf 89' lang='grc' dir='ltr'><strong>Τ.</strong></span> <span class='ocrx_word' id='word_1_230' title='bbox 1247 3010 1314 3060; x_wconf 82' lang='lat' dir='ltr'><strong>no.</strong></span> 
     </span>
     <span class='ocr_line' id='line_1_27' title="bbox 267 3094 1314 3181; baseline 0.008 -27"><span class='ocrx_word' id='word_1_231' title='bbox 267 3113 299 3177; x_wconf 92' lang='lat' dir='ltr'><strong>p.</strong></span> <span class='ocrx_word' id='word_1_232' title='bbox 322 3109 403 3174; x_wconf 77' lang='lat'><strong>¹⁰5·</strong></span> <span class='ocrx_word' id='word_1_233' title='bbox 426 3094 549 3181; x_wconf 77' lang='lat' dir='ltr'><strong>(Hag.)</strong></span> <span class='ocrx_word' id='word_1_234' title='bbox 576 3095 760 3160; x_wconf 78' lang='lat' dir='ltr'><strong>chiffletiue</strong></span> <span class='ocrx_word' id='word_1_235' title='bbox 785 3099 819 3159; x_wconf 88' lang='lat' dir='ltr'><strong>in</strong></span> <span class='ocrx_word' id='word_1_236' title='bbox 843 3096 943 3163; x_wconf 79' lang='lat' dir='ltr'><strong>iibrot</strong></span> <span class='ocrx_word' id='word_1_237' title='bbox 976 3096 1093 3160; x_wconf 73' lang='lat' dir='ltr'><strong>Portu·</strong></span> <span class='ocrx_word' id='word_1_238' title='bbox 1120 3097 1221 3159; x_wconf 87' lang='lat' dir='ltr'><strong>Icciue</strong></span> <span class='ocrx_word' id='word_1_239' title='bbox 1247 3095 1314 3162; x_wconf 85' lang='lat' dir='ltr'><strong>Iul.</strong></span> 
     </span>
     <span class='ocr_line' id='line_1_28' title="bbox 268 3195 1311 3279; baseline 0.002 -21"><span class='ocrx_word' id='word_1_240' title='bbox 268 3195 406 3259; x_wconf 74' lang='lat' dir='ltr'><strong>Caeieiie</strong></span> <span class='ocrx_word' id='word_1_241' title='bbox 430 3197 672 3270; x_wconf 66' lang='lat' dir='ltr'><strong>demonstratum</strong></span> <span class='ocrx_word' id='word_1_242' title='bbox 705 3198 841 3261; x_wconf 76' lang='lat' dir='ltr'><strong>Velefiue</strong></span> <span class='ocrx_word' id='word_1_243' title='bbox 857 3200 890 3259; x_wconf 89' lang='lat' dir='ltr'><strong>in</strong></span> <span class='ocrx_word' id='word_1_244' title='bbox 908 3197 1002 3262; x_wconf 89' lang='lat' dir='ltr'><strong>notit.</strong></span> <span class='ocrx_word' id='word_1_245' title='bbox 1021 3198 1101 3262; x_wconf 81' lang='lat' dir='ltr'><strong>Gall.</strong></span> <span class='ocrx_word' id='word_1_246' title='bbox 1117 3217 1148 3279; x_wconf 91' lang='lat' dir='ltr'><strong>p.</strong></span> <span class='ocrx_word' id='word_1_247' title='bbox 1162 3209 1229 3275; x_wconf 78' lang='lat'><strong>231</strong></span> <span class='ocrx_word' id='word_1_248' title='bbox 1244 3195 1311 3278; x_wconf 78' lang='lat' dir='ltr'><strong>sqq.</strong></span> 
     </span>
     <span class='ocr_line' id='line_1_29' title="bbox 266 3296 1312 3385; baseline 0.001 -26"><span class='ocrx_word' id='word_1_249' title='bbox 266 3310 301 3359; x_wconf 83' lang='lat' dir='ltr'><strong>et</strong></span> <span class='ocrx_word' id='word_1_250' title='bbox 320 3299 352 3358; x_wconf 88' lang='lat' dir='ltr'><strong>in</strong></span> <span class='ocrx_word' id='word_1_251' title='bbox 374 3299 487 3382; x_wconf 77' lang='lat' dir='ltr'><strong>primic</strong></span> <span class='ocrx_word' id='word_1_252' title='bbox 503 3299 661 3360; x_wconf 81' lang='lat' dir='ltr'><strong>d&#39;Anvilie</strong></span> <span class='ocrx_word' id='word_1_253' title='bbox 683 3299 717 3362; x_wconf 93' lang='lat' dir='ltr'><strong>in</strong></span> <span class='ocrx_word' id='word_1_254' title='bbox 736 3297 895 3362; x_wconf 85' lang='lat' dir='ltr'><strong>Memoire</strong></span> <span class='ocrx_word' id='word_1_255' title='bbox 921 3296 970 3360; x_wconf 76' lang='lat' dir='ltr'><strong>tur</strong></span> <span class='ocrx_word' id='word_1_256' title='bbox 989 3299 1018 3362; x_wconf 87' lang='lat' dir='ltr'><strong>le</strong></span> <span class='ocrx_word' id='word_1_257' title='bbox 1039 3311 1149 3385; x_wconf 87' lang='lat' dir='ltr'><strong>portue</strong></span> <span class='ocrx_word' id='word_1_258' title='bbox 1168 3297 1248 3360; x_wconf 82' lang='lat' dir='ltr'><strong>itiue</strong></span> <span class='ocrx_word' id='word_1_259' title='bbox 1275 3299 1312 3360; x_wconf 89' lang='lat' dir='ltr'><strong>in</strong></span> 
     </span>
     <span class='ocr_line' id='line_1_30' title="bbox 267 3395 1310 3484; baseline 0.004 -24"><span class='ocrx_word' id='word_1_260' title='bbox 267 3395 444 3463; x_wconf 84' lang='lat' dir='ltr'><strong>Memoiret</strong></span> <span class='ocrx_word' id='word_1_261' title='bbox 466 3434 513 3448; x_wconf 91' lang='grc'><strong>--</strong></span> <span class='ocrx_word' id='word_1_262' title='bbox 536 3401 576 3461; x_wconf 88' lang='lat' dir='ltr'><strong>de</strong></span> <span class='ocrx_word' id='word_1_263' title='bbox 599 3397 685 3461; x_wconf 85' lang='lat' dir='ltr'><strong>Perie</strong></span> <span class='ocrx_word' id='word_1_264' title='bbox 704 3401 744 3464; x_wconf 93' lang='lat' dir='ltr'><strong>T.</strong></span> <span class='ocrx_word' id='word_1_265' title='bbox 765 3411 822 3477; x_wconf 73' lang='lat'><strong>28.</strong></span> <span class='ocrx_word' id='word_1_266' title='bbox 846 3421 877 3484; x_wconf 89' lang='lat' dir='ltr'><strong>p.</strong></span> <span class='ocrx_word' id='word_1_267' title='bbox 897 3414 968 3479; x_wconf 82' lang='lat'><strong>397</strong></span> <span class='ocrx_word' id='word_1_268' title='bbox 984 3399 1047 3482; x_wconf 81' lang='lat' dir='ltr'><strong>sqq.</strong></span> <span class='ocrx_word' id='word_1_269' title='bbox 1081 3398 1137 3460; x_wconf 86' lang='lat' dir='ltr'><strong>ubt</strong></span> <span class='ocrx_word' id='word_1_270' title='bbox 1164 3399 1310 3482; x_wconf 84' lang='lat' dir='ltr'><strong>plurium</strong></span> 
     </span>
     <span class='ocr_line' id='line_1_31' title="bbox 268 3489 1310 3592; baseline 0 -32"><span class='ocrx_word' id='word_1_271' title='bbox 268 3501 412 3585; x_wconf 81' lang='lat' dir='ltr'><strong>conlegit</strong></span> <span class='ocrx_word' id='word_1_272' title='bbox 433 3501 474 3563; x_wconf 90' lang='lat' dir='ltr'><strong>de</strong></span> <span class='ocrx_word' id='word_1_273' title='bbox 496 3519 535 3563; x_wconf 87' lang='lat' dir='ltr'><strong>eo</strong></span> <span class='ocrx_word' id='word_1_274' title='bbox 554 3499 734 3582; x_wconf 86' lang='lat' dir='ltr'><strong>opinionee.</strong></span> <span class='ocrx_word' id='word_1_275' title='bbox 787 3499 939 3565; x_wconf 81' lang='lat' dir='ltr'><strong>Ceterum</strong></span> <span class='ocrx_word' id='word_1_276' title='bbox 960 3520 1080 3582; x_wconf 76' lang='lat' dir='ltr'><strong>pagum</strong></span> <span class='ocrx_word' id='word_1_277' title='bbox 1107 3489 1310 3592; x_wconf 79' lang='lat' dir='ltr'><strong>Gesoriacum</strong></span> 
     </span>
     <span class='ocr_line' id='line_1_32' title="bbox 267 3599 1308 3688; baseline 0.003 -27"><span class='ocrx_word' id='word_1_278' title='bbox 267 3615 499 3665; x_wconf 82' lang='lat' dir='ltr'><strong>commemorat</strong></span> <span class='ocrx_word' id='word_1_279' title='bbox 521 3599 604 3664; x_wconf 88' lang='lat' dir='ltr'><strong>Piin.</strong></span> <span class='ocrx_word' id='word_1_280' title='bbox 621 3609 658 3682; x_wconf 77' lang='grc'><strong>4,</strong></span> <span class='ocrx_word' id='word_1_281' title='bbox 678 3615 735 3680; x_wconf 85' lang='grc' dir='ltr'><strong>3ι.</strong></span> <span class='ocrx_word' id='word_1_282' title='bbox 753 3599 776 3666; x_wconf 83' lang='lat' dir='ltr'><strong>f.</strong></span> <span class='ocrx_word' id='word_1_283' title='bbox 795 3616 853 3681; x_wconf 84' lang='lat'><strong>17.</strong></span> <span class='ocrx_word' id='word_1_284' title='bbox 878 3599 965 3668; x_wconf 82' lang='lat' dir='ltr'><strong>unde</strong></span> <span class='ocrx_word' id='word_1_285' title='bbox 986 3602 1134 3688; x_wconf 76' lang='lat' dir='ltr'><strong>adparet,</strong></span> <span class='ocrx_word' id='word_1_286' title='bbox 1160 3601 1308 3665; x_wconf 84' lang='lat' dir='ltr'><strong>vicinum</strong></span> 
     </span>
     <span class='ocr_line' id='line_1_33' title="bbox 195 3701 773 3778; baseline 0.007 -14"><span class='ocrx_word' id='word_1_287' title='bbox 195 3771 199 3778; x_wconf 55' lang='grc'><em>,</em></span> <span class='ocrx_word' id='word_1_288' title='bbox 265 3711 401 3766; x_wconf 80' lang='lat' dir='ltr'><strong>tractum</strong></span> <span class='ocrx_word' id='word_1_289' title='bbox 419 3705 496 3768; x_wconf 86' lang='lat' dir='ltr'><strong>inde</strong></span> <span class='ocrx_word' id='word_1_290' title='bbox 517 3722 640 3770; x_wconf 87' lang='lat' dir='ltr'><strong>nomeu</strong></span> <span class='ocrx_word' id='word_1_291' title='bbox 660 3701 773 3770; x_wconf 82' lang='lat' dir='ltr'><strong>tuliffe.</strong></span> 
     </span>
    </p>
   </div>
   <div class='ocr_carea' id='block_1_3' title="bbox 264 3877 1323 4199">
    <p class='ocr_par' dir='ltr' id='par_1_3' title="bbox 264 3877 1323 4199">
     <span class='ocr_line' id='line_1_34' title="bbox 446 3877 1323 3991; baseline -0.008 -18"><span class='ocrx_word' id='word_1_292' title='bbox 446 3909 475 3986; x_wconf 74' lang='lat'><strong>§-</strong></span> <span class='ocrx_word' id='word_1_293' title='bbox 505 3919 538 3987; x_wconf 86' lang='lat'><strong>8.</strong></span> <span class='ocrx_word' id='word_1_294' title='bbox 591 3905 788 3990; x_wconf 71' lang='lat' dir='ltr'><strong>Rhoecus)</strong></span> <span class='ocrx_word' id='word_1_295' title='bbox 838 3907 893 3972; x_wconf 80' lang='lat' dir='ltr'><strong>Gr.</strong></span> <span class='ocrx_word' id='word_1_296' title='bbox 915 3901 1036 3991; x_wconf 67' lang='grc' dir='ltr'><strong>Ῥῆνος.</strong></span> <span class='ocrx_word' id='word_1_297' title='bbox 1080 3905 1188 3969; x_wconf 82' lang='lat' dir='ltr'><strong>Latini</strong></span> <span class='ocrx_word' id='word_1_298' title='bbox 1210 3877 1323 3968; x_wconf 32' lang='lat' dir='ltr'><strong>etiem·</strong></span> 
     </span>
     <span class='ocr_line' id='line_1_35' title="bbox 265 4001 1305 4098; baseline 0 -28"><span class='ocrx_word' id='word_1_299' title='bbox 265 4001 375 4090; x_wconf 74' lang='lat' dir='ltr'><strong>peffim</strong></span> <span class='ocrx_word' id='word_1_300' title='bbox 398 4006 512 4071; x_wconf 87' lang='lat' dir='ltr'><strong>dicunt</strong></span> <span class='ocrx_word' id='word_1_301' title='bbox 533 4009 678 4072; x_wconf 79' lang='lat' dir='ltr'><strong>Rhenum</strong></span> <span class='ocrx_word' id='word_1_302' title='bbox 695 4003 835 4098; x_wconf 78' lang='lat' dir='ltr'><strong>flumen.</strong></span> <span class='ocrx_word' id='word_1_303' title='bbox 869 4020 905 4070; x_wconf 90' lang='lat' dir='ltr'><strong>ut</strong></span> <span class='ocrx_word' id='word_1_304' title='bbox 929 4007 1041 4072; x_wconf 81' lang='lat' dir='ltr'><strong>Horu.</strong></span> <span class='ocrx_word' id='word_1_305' title='bbox 1065 4004 1106 4069; x_wconf 86' lang='lat' dir='ltr'><strong>de</strong></span> <span class='ocrx_word' id='word_1_306' title='bbox 1127 4019 1192 4070; x_wconf 82' lang='lat' dir='ltr'><strong>erte</strong></span> <span class='ocrx_word' id='word_1_307' title='bbox 1215 4019 1305 4090; x_wconf 78' lang='lat' dir='ltr'><strong>poet.</strong></span> 
     </span>
     <span class='ocr_line' id='line_1_36' title="bbox 264 4105 1308 4199; baseline -0.002 -28"><span class='ocrx_word' id='word_1_308' title='bbox 264 4127 300 4174; x_wconf 84' lang='lat' dir='ltr'><strong>v.</strong></span> <span class='ocrx_word' id='word_1_309' title='bbox 322 4121 376 4190; x_wconf 76' lang='lat'><strong>18.</strong></span> <span class='ocrx_word' id='word_1_310' title='bbox 405 4108 495 4199; x_wconf 74' lang='lat' dir='ltr'><strong>Otos.</strong></span> <span class='ocrx_word' id='word_1_311' title='bbox 519 4131 548 4184; x_wconf 83' lang='lat'><strong>1.</strong></span> <span class='ocrx_word' id='word_1_312' title='bbox 567 4125 602 4178; x_wconf 76' lang='lat'><strong>2.</strong></span> <span class='ocrx_word' id='word_1_313' title='bbox 634 4126 672 4176; x_wconf 87' lang='lat' dir='ltr'><strong>ut</strong></span> <span class='ocrx_word' id='word_1_314' title='bbox 680 4105 806 4198; x_wconf 84' lang='lat' dir='ltr'><strong>flumen</strong></span> <span class='ocrx_word' id='word_1_315' title='bbox 828 4107 1021 4178; x_wconf 68' lang='lat' dir='ltr'><strong>nmmum</strong></span> <span class='ocrx_word' id='word_1_316' title='bbox 1044 4107 1105 4176; x_wconf 86' lang='lat' dir='ltr'><strong>Iul.</strong></span> <span class='ocrx_word' id='word_1_317' title='bbox 1132 4106 1244 4175; x_wconf 78' lang='lat' dir='ltr'><strong>Cteier</strong></span> <span class='ocrx_word' id='word_1_318' title='bbox 1266 4107 1308 4170; x_wconf 86' lang='lat' dir='ltr'><strong>de</strong></span> 
     </span>
    </p>
   </div>
   <div class='ocr_carea' id='block_1_4' title="bbox 0 0 1378 4888">
    <p class='ocr_par' dir='ltr' id='par_1_4' title="bbox 0 0 1378 4888">
     <span class='ocr_line' id='line_1_37' title="bbox 0 0 1378 4888; baseline 0 0"><span class='ocrx_word' id='word_1_319' title='bbox 0 0 1378 4888; x_wconf 95' lang='lat' dir='ltr'><strong> </strong></span> 
     </span>
    </p>
   </div>
  </div>
 </body>
</html>
