2650 4896
119 434 168 493 ιιι
193 432 329 492 rour.
358 433 468 490 ιιιι.
509 431 546 490 ι.
567 433 620 488 ιιι.
663 431 696 490 o
717 433 784 495 vn.
821 429 901 505 ιι.
970 445 1032 512 ιιι

26 606 94 672 stud
117 601 251 678 oceidit,
289 605 420 692 quando
451 605 497 668 sol
530 605 574 668 est
605 601 641 668 in
670 607 758 689 signo
791 600 921 677 cancri,
956 607 1032 678 boc.

26 708 133 798 quaudo
153 710 261 771 transit
284 705 532 791 capricornum.
558 703 608 770 uti
630 723 757 771 notum.
786 797 790 804 ι
893 755 895 762 .

160 878 189 959 s·
222 897 279 940 ιο.
335 875 512 960 Tasge)
559 877 767 939 Ptolemaeus
789 877 823 950 6,
845 895 881 957 9.
903 871 1034 950 Χαλκᾰ,

25 976 67 1041 ubi
87 977 162 1040 cod.
185 975 326 1042 Palatio.
348 975 457 1040 addit:
486 972 670 1066 καλουμένη
691 973 824 1042 Τᾰλκα.
862 979 902 1039 In
920 975 1034 1042 Plinio

25 1083 50 1152 6,
64 1079 135 1160 ι9.[.
150 1094 202 1160 17.
218 1100 261 1139 ex
277 1081 336 1142 srtu
351 1093 484 1161 putatur
500 1077 561 1140 esse
573 1079 706 1144 Tazora.
735 1075 769 1142 Si
787 1081 879 1140 sttum
895 1101 912 1143 a
927 1077 1035 1142 Ptole·

24 1201 97 1246 uteo
120 1178 305 1242 indicatum
330 1179 461 1263 spectes,
487 1199 590 1264 prope
613 1179 774 1242 orientem
801 1177 911 1265 Caspii
937 1177 1035 1244 marie

24 1280 136 1344 iacebat.
181 1282 299 1343 Plures
323 1277 462 1354 insulas,
496 1301 635 1365 quarum
668 1297 776 1344 tamen
805 1278 940 1346 nomina
966 1301 1035 1346 non

24 1383 156 1454 eduntur,
173 1397 376 1465 cognoverat
388 1382 502 1444 Strabo
517 1405 529 1442 ι
542 1405 570 1444 ι.
579 1404 611 1466 p.
623 1395 705 1461 350.
717 1381 738 1445 s.
749 1393 832 1466 509.
848 1379 1036 1446 auriferam-

24 1504 73 1571 qne
90 1498 203 1550 terrem
219 1502 275 1544 eae
296 1479 396 1550 etiam
412 1483 533 1545 hebere
558 1503 598 1546 ex
618 1483 703 1546 sema
720 1481 822 1548 addit.

74 1642 225 1742 fruge)
278 1647 458 1734 Distinguit
472 1665 562 1714 recte
576 1666 608 1714 et
624 1672 664 1714 ex
677 1651 748 1717 usu.
783 1652 872 1715 Illud
887 1651 929 1714 de
947 1671 1039 1737 agro·

24 1773 96 1824 rum,
119 1754 183 1815 hoc
197 1753 239 1815 de
255 1755 410 1820 arborum
424 1767 606 1836 proventu.
631 1755 686 1815 etsr
708 1751 892 1838 promiscue
912 1769 1039 1815 utrum·

27 1875 90 1938 que,
119 1851 291 1937 separatim
316 1851 416 1916 etiam
441 1855 580 1936 positum
604 1851 735 1917 dicitur.
779 1853 830 1918 cf.
853 1853 1037 1918 Broukhus.

26 1955 56 2014 td
73 1952 189 2018 Tibull.
211 1979 242 2032 t,
266 1978 297 2028 1,
315 1967 372 2034 55.
406 1951 516 2016 Heius.
533 1953 573 2016 ad
595 1952 693 2018 ovid.
712 1957 796 2020 Nuc.
813 1977 843 2018 v.
869 1973 922 2034 19.
951 1952 1039 2018 etin

26 2052 120 2136 primis
140 2056 358 2138 Oudendorp,
382 2057 423 2119 ad
448 2055 507 2118 Iul.
532 2054 622 2118 caet.
646 2055 687 2116 de
707 2059 744 2122 B.
768 2057 807 2120 G.
831 2080 861 2128 t,
883 2066 939 2132 28.
991 2058 1040 2120 Ita

25 2177 86 2216 vero
106 2155 223 2219 Cicero
249 2158 291 2219 de
306 2154 360 2222 off.
381 2171 415 2234 5,
437 2173 468 2222 o.
487 2153 534 2218 in.
557 2169 631 2220 tota
652 2149 856 2250 philosophia
868 2149 1042 2250 sntgifera

26 2269 49 2324 rt
60 2249 241 2352 fructuosa.

83 2425 295 2509 diximus)
345 2425 396 2490 Cs.
418 2449 447 2499 ι,
466 2445 498 2500 n,
514 2437 547 2506 5.
569 2439 602 2492 et
617 2441 651 2505 5,
671 2437 704 2507 5.
720 2441 800 2494 extr.

384 2761 413 2826 C
438 2763 464 2824 Δ
490 2761 529 2825 Ρ.
579 2763 665 2828 vlt.

171 2945 400 2998 octonos
446 2945 568 2996 nous
612 2947 674 2997 un
716 2945 880 3014 tumr.

117 3133 145 3214 s,
178 3156 207 3196 t.
259 3135 291 3196 Α
303 3130 323 3193 b
354 3130 460 3214 sris)
508 3132 635 3214 Nempe
662 3128 728 3194 orie
757 3127 938 3211 Scythicis,
965 3151 1046 3218 quat

30 3228 159 3314 proxime
177 3249 273 3296 antea
288 3247 474 3308 notaverat,
502 3248 535 3295 et
550 3235 635 3295 ultra
653 3230 806 3316 Caspium
821 3234 923 3294 smum
939 3231 1046 3316 ponit,

31 3329 70 3391 uti
93 3335 187 3398 docet
219 3337 316 3418 plene
348 3353 419 3417 cap.
440 3332 512 3412 5.s.
561 3337 605 3398 Et
627 3336 668 3396 src
695 3315 785 3396 mire
811 3347 961 3417 apertum
984 3333 1046 3396 esse

32 3431 171 3509 credidit,
198 3455 239 3496 ex
256 3455 321 3520 quo
343 3435 385 3496 ad
406 3433 569 3497 orientem
590 3435 700 3498 cursus
720 3431 806 3498 flecti
824 3433 934 3520 posset.
974 3436 1047 3500 Hoc

31 3533 121 3597 voluit
139 3540 161 3600 1.
177 3532 385 3607 Gronovius,
412 3534 506 3598 cuius
526 3552 604 3598 nota
625 3537 707 3599 haec
727 3536 786 3599 est:
822 3536 922 3618 „Non
940 3533 1046 3607 aliter,

33 3638 105 3715 quasr
120 3637 332 3722 supponeret,
360 3640 381 3696 si
397 3657 467 3700 non
483 3633 564 3698 alios
580 3639 737 3721 populos,
765 3653 852 3700 certe
870 3633 962 3708 illos,
989 3633 1048 3722 qui

34 3755 117 3818 propo
144 3735 409 3822 septemtrionem
435 3734 601 3808 habitant,
639 3735 777 3821 potuisse
802 3733 872 3798 illic
897 3734 1048 3821 pernavi-

34 3854 107 3914 gare,
136 3841 217 3902 adeo
244 3855 291 3910 ut,
318 3861 422 3923 quum
445 3836 599 3900 venerint
623 3839 664 3900 ad
686 3835 784 3900 clima
807 3834 915 3920 Caspii
937 3835 1049 3911 maris,

34 3949 114 4009 tunc,
139 3939 215 4024 quia
233 3941 372 4002 antehac
390 3955 561 4001 tenuerant
582 3939 710 4002 cursum
727 3939 836 4002 versut
851 3937 1050 4022 septemtrio·

35 4057 108 4110 nem,
132 4038 336 4104 inflecterent
349 4040 458 4102 versuo
477 4039 656 4112 orientem,
684 4040 774 4124 quod
795 4035 925 4103 sustinet
943 4040 1052 4106 secere

34 4155 131 4206 ructor
153 4164 194 4214 ex
214 4139 374 4210 relatione
394 4141 435 4208 de
458 4139 549 4208 ludio
571 4162 629 4230 per
647 4139 705 4208 itta
724 4141 766 4212 sc.
789 4137 894 4208 maria
916 4139 953 4210 io
974 4144 1053 4208 Ger·

1252 4281 1259 4292 ’
1288 4243 1324 4320 Δ
