2696 4896
297 389 359 472 ηε
563 391 728 452 noran
766 394 1077 452 axuoarrcan

295 563 439 632 Gadibna
453 565 524 649 port
542 565 692 630 adiuncta
710 561 852 640 acceffit.
876 589 1013 650 eamque
1029 564 1143 630 Gadee
1165 567 1321 629 coniuncto

293 670 585 834 ppptirqqpchrit.
619 667 671 735 Cf.
686 668 869 756 Wesleling.
884 671 924 732 ad
939 671 1104 734 Antonini
1119 671 1193 730 itin.
1211 690 1241 752 p.
1251 679 1321 752 4⁰8·

371 971 565 1054 templum
573 971 594 1056 )
643 973 831 1040 Celebrant
853 996 872 1038 a
893 976 1007 1039 mult'n
1026 976 1167 1058 eiuaque
1188 975 1321 1056 pecuniae

294 1087 330 1140 et
351 1089 547 1146 ornamenta.
570 1073 812 1167 (ἂναθήματα)
837 1078 939 1140 veluti
960 1077 1084 1141 acres.
1105 1076 1201 1138 dell.
1217 1075 1319 1144 Cim.

301 1187 358 1256 ra.
375 1193 436 1240 oa.
462 1179 528 1238 Dio
543 1187 603 1256 43,
619 1189 681 1259 49.
731 1180 926 1264 Singulatim
947 1179 1000 1240 illa
1020 1180 1182 1260 prolixius
1200 1174 1321 1238 recenset

295 1277 474 1342 Philostrat.
505 1280 540 1340 in
566 1281 732 1364 Apollonii
755 1283 823 1342 vita
849 1296 883 1358 5.
913 1293 947 1358 5.
993 1295 1028 1342 et
1055 1301 1098 1342 ex
1135 1298 1176 1341 eo
1205 1279 1320 1339 Photiot

295 1399 329 1464 p.
346 1401 392 1444 m.
415 1399 521 1461 ¹0⁰9·
555 1383 661 1444 veluti
680 1401 747 1444 arae
773 1382 937 1454 Herculia.
964 1381 1083 1462 hydras
1111 1395 1147 1443 et
1171 1380 1321 1441 Diomedia

295 1501 404 1565 equae.
425 1498 469 1546 12
485 1484 630 1546 Herculia
643 1504 751 1566 opera,
768 1483 872 1566 lapide
886 1482 1031 1566 expressa.
1048 1489 1153 1566 (quae
1169 1484 1204 1543 in
1218 1478 1320 1542 soribnr

296 1586 412 1668 templi
426 1585 540 1648 caelata
554 1585 728 1669 adparuisse
745 1588 830 1646 cauit
843 1586 901 1649 Sil.
918 1587 987 1646 ital.
1000 1599 1032 1664 3,
1052 1599 1101 1664 52
1116 1583 1179 1664 sqq.
1207 1580 1320 1651 miscent

294 1685 468 1748 Herculem
482 1687 674 1749 Thebanum
689 1701 722 1750 et
736 1687 950 1764 Gaditanum)
972 1686 1196 1771 Pygmalionis
1210 1702 1319 1745 auream

295 1788 431 1860 olivam.
464 1789 580 1850 Teucri
601 1789 784 1849 Telamonis
806 1788 968 1850 baltheum
989 1807 1142 1857 aureum.
1176 1786 1321 1848 columnia

297 1909 337 1952 ex
350 1909 428 1952 auro
443 1902 639 1974 argentoque
654 1891 854 1970 colliquntat3
886 1889 1001 1951 Strabo
1018 1904 1050 1970 5.
1064 1911 1099 1972 p.
1116 1903 1197 1962 117.
1214 1885 1233 1947 s.
1252 1901 1319 1960 ¹7⁰·

297 1992 375 2053 duae
402 1991 566 2053 columnae
591 2011 696 2053 aereae
720 2003 742 2070 3
769 1993 971 2061 cubitorum,
1005 1993 1128 2072 quibua
1155 1987 1271 2049 summe
1291 1987 1319 2044 in

295 2091 491 2154 aedificando
509 2091 631 2174 templo
648 2091 721 2153 sacti
746 2090 887 2174 inscripti
904 2090 1039 2164 suarium
1072 2093 1244 2174 quondam,
1274 2085 1317 2167 qui

295 2190 434 2277 persecu
460 2194 666 2278 navigatione
688 2191 778 2255 sacris
805 2195 934 2257 Herculi
957 2193 1049 2256 sautia
1076 2196 1145 2254 huc
1170 2187 1317 2255 venissent

295 2294 391 2356 marie
415 2307 577 2375 terraeque
601 2296 700 2357 finem
729 2293 862 2359 iactasse.
912 2296 1000 2360 Alex.
1023 2294 1070 2358 M.
1093 2295 1262 2379 imaginem
1281 2286 1317 2347 ibi

295 2397 393 2458 etiam
418 2396 553 2480 positam
578 2395 687 2469 soille.
721 2416 821 2479 eaque
849 2396 1015 2479 conspecta
1042 2394 1209 2462 Caesarem
1233 2392 1316 2475 plora·

295 2492 544 2568 nidorosorum
560 2499 694 2578 Suetou.
710 2518 778 2580 cap.
795 2513 829 2568 7.
846 2511 880 2560 et
896 2501 958 2560 Dio
977 2513 1034 2576 37,
1053 2511 1115 2574 52.
1152 2494 1220 2558 Ossa
1236 2493 1315 2554 etiarn

296 2597 442 2662 Herculia
464 2600 507 2660 ibi
528 2600 581 2662 sita
597 2599 710 2662 Noster
726 2597 831 2662 refert.
869 2601 991 2662 Statuas
1012 2615 1118 2661 tamen
1137 2596 1158 2660 s.
1175 2595 1314 2657 simulacra

295 2699 392 2782 ipsius
408 2703 552 2764 Herculia
568 2705 603 2762 in
620 2702 741 2784 templo
757 2720 825 2763 uon
841 2718 1038 2782 comparere,
1064 2703 1208 2763 adfirmat
1228 2693 1315 2757 Philo·

295 2799 405 2864 llratuo
420 2822 449 2866 c.
464 2804 484 2866 l.
508 2815 541 2865 et
556 2804 653 2866 Silina
667 2803 736 2864 Ital.
755 2815 787 2882 3.
806 2817 864 2878 30.
899 2805 1037 2864 Donaria
1059 2801 1123 2883 ipsa
1143 2819 1215 2862 cum
1238 2811 1314 2878 pecu·

293 2903 359 2966 niit
372 2903 448 2966 iude
460 2907 565 2987 rapuit
581 2904 640 2966 lul.
658 2901 777 2975 Caesar,
801 2903 891 2988 (vid.
911 2907 949 2964 de
966 2904 1000 2964 Β.
1012 2904 1086 2966 Cir.
1106 2921 1139 2974 o,
1163 2897 1234 2982 ιδ.)
1258 2889 1316 2978 post

295 3015 404 3066 tauron
425 3007 576 3069 reddidit.
604 3006 704 3090 (ibid.
724 3021 757 3077 n.
776 3003 858 3088 or.)
910 3004 1005 3068 Miraa
1027 3007 1062 3066 in
1079 3003 1170 3065 saorla
1187 3016 1217 3062 et
1238 2995 1313 3058 culto

296 3103 445 3180 Herctdit
474 3109 664 3169 cerimoniae
698 3108 866 3192 diligenter
899 3105 1056 3188 descripsit
1084 3107 1180 3169 Silius
1207 3098 1313 3170 ltal.3·

301 3205 424 3288 aqsqq.
457 3227 533 3289 quae
565 3207 741 3271 Phoenicio
774 3210 837 3270 ritu
868 3208 1035 3269 celebratas
1068 3204 1159 3268 suilla
1188 3191 1314 3264 adfirmat

294 3307 431 3390 Appian.
446 3311 481 3369 iu
500 3308 628 3391 Hispan.
645 3329 670 3370 o.
691 3323 724 3372 a.
767 3310 805 3371 ln
828 3321 912 3369 tanta
934 3323 1040 3370 autem
1057 3305 1118 3368 suit
1134 3306 1212 3367 illud
1233 3315 1314 3360 reue·

296 3411 420 3472 ratione
436 3409 474 3472 ad
495 3411 631 3474 Diodori
647 3429 746 3492 utque
762 3424 914 3480 aetatem.
940 3425 977 3469 ut
992 3411 1084 3470 multi
1106 3411 1261 3485 iidemque
1274 3397 1312 3457 in·

295 3509 404 3574 lustret
422 3512 562 3572 Romani
587 3513 733 3583 adierint,
768 3526 843 3574 vota
863 3513 915 3572 ves
933 3513 1154 3592 nuncupaturi,
1180 3506 1228 3567 rel
1244 3499 1311 3566 solu·

292 3615 376 3684 turi,
399 3615 449 3674 uti
465 3609 560 3675 refert
578 3611 642 3695 ipse
658 3624 690 3690 5,
708 3627 765 3676 no.
806 3611 858 3675 Gi.
881 3613 919 3673 ad
943 3633 1016 3673 eum
1035 3611 1205 3691 wesseling
1225 3603 1310 3663 ideru-

295 3713 411 3795 quoad
430 3714 586 3776 Antonin.
602 3735 635 3797 p.
648 3725 734 3793 4⁰8·
787 3715 836 3775 De
857 3714 940 3776 lulio
960 3713 1088 3777 Caesare
1104 3713 1134 3772 id
1153 3709 1258 3772 diserte
1272 3719 1309 3760 rc·

297 3813 403 3877 serunt
418 3815 553 3878 Sueton.
569 3833 637 3897 cap.
652 3829 688 3890 7.
714 3828 746 3876 et
761 3817 824 3878 Dio
842 3829 899 3890 57,
916 3827 976 3892 50.
1002 3817 1041 3876 de
1067 3815 1161 3876 Fabio
1185 3806 1308 3870 Maximo

298 3915 474 3977 Aemiliano
490 3917 624 3998 Appiam.
645 3916 679 3976 in
696 3916 824 3998 Hispan.
841 3936 908 3998 cap.
923 3917 981 3992 65.
1010 3917 1048 3977 de
1068 3915 1203 3977 Caecilio
1221 3901 1307 3969 Aemi·

295 4016 380 4078 liano
405 4014 458 4077 sub
487 4017 658 4087 Caracalla.
689 4037 784 4098 quem
809 4019 876 4087 hic,
903 4019 986 4098 quod
1015 4017 1179 4079 oraculum
1203 4011 1251 4071 ille
1272 3999 1308 4062 ibi

295 4113 513 4190 consuluisset,
550 4115 727 4191 interfecit.
762 4121 826 4182 Dio
854 4134 912 4196 77,
941 4134 999 4181 ao.
1051 4118 1309 4181 Commemoratur
