2748 4888
270 455 311 520 μ
543 433 703 496 aeonae
742 434 1046 494 axaonrtcaa

275 627 385 682 eontra
405 608 533 678 Celsum
554 629 585 674 1.
604 629 637 692 p.
655 621 738 689 335.
754 611 795 673 T.
816 629 848 674 1.
874 608 949 694 (ed.
962 611 1002 674 de
1016 611 1047 673 la
1058 606 1165 695 line.)
1216 609 1367 674 Multa

137 762 140 772 .
275 731 384 784 autem
399 711 554 776 tradidille
567 713 628 784 ait,
655 713 798 774 Iudaicae
811 713 962 798 religioni
978 713 1123 776 finitima.

353 915 566 999 meliores)
616 915 788 978 Fortiorea.
834 915 1013 978 stettein
1032 933 1063 987 tt.
1081 925 1138 992 51,
1157 927 1197 994 5.
1222 913 1363 976 metab-

280 1041 344 1084 rem
357 1019 495 1088 militem,
512 1029 634 1098 recepto
648 1015 783 1110 pristino
797 1017 914 1088 artemo,
934 1019 967 1079 iar
974 1008 1096 1107 saturo
1110 1017 1282 1096 praemia
1303 1014 1363 1076 ad

280 1133 436 1186 certamen
451 1110 552 1209 fecit.
603 1119 646 1179 Et
672 1117 710 1178 lic
735 1115 875 1200 laepina,
908 1130 946 1178 nt
968 1120 1003 1180 in
1028 1117 1151 1179 Graecia
1176 1111 1359 1200 ἁγαθός.

280 1223 368 1286 Hinc
400 1239 477 1283 vero
513 1221 624 1282 Horat.
647 1232 679 1299 5.
700 1220 754 1282 od.
776 1229 830 1298 ι4,
851 1230 911 1298 49.
942 1238 1005 1280 nort
1038 1239 1158 1298 pavens
1193 1210 1361 1308 funera

285 1323 410 1394 Gallia,
449 1321 506 1382 nbi
536 1323 604 1382 lani
628 1321 707 1385 allon
737 1335 911 1394 memorat3
946 1339 986 1383 ex
1011 1337 1076 1402 qno
1100 1318 1263 1402 adparet,
1313 1321 1358 1383 in

282 1424 400 1510 vnlgua
423 1419 582 1507 profuille.

359 1622 578 1707 aeternas)
633 1625 730 1710 Quod
752 1623 839 1686 haud
867 1623 964 1686 dubie
985 1623 1098 1706 aliquia
1119 1621 1354 1708 Pythagorae

285 1727 456 1812 discipulus
472 1730 536 1790 illic
550 1725 777 1795 dialeminavit.
801 1727 931 1806 perinde
948 1739 984 1786 ut
997 1723 1114 1788 factum
1128 1726 1161 1786 in
1172 1725 1349 1795 Thracia.

286 1829 337 1895 led
351 1831 435 1912 qnod
451 1831 570 1911 tabique
586 1823 716 1911 peffime
730 1827 969 1888 illustraverunt.
993 1846 1018 1890 1.
1032 1843 1239 1889 oaoaovtva
1249 1827 1348 1888 MS.

283 1931 501 2016 Pythagoram
522 1945 627 1991 tamen
651 1927 753 2010 ipsum
775 1931 808 1989 in
825 1927 925 1989 Gallia
945 1947 962 1989 a
984 1929 1116 1989 Druidia
1139 1927 1347 1988 doctrinam

285 2053 399 2097 eorum
421 2051 563 2094 arcanam
585 2028 770 2111 percepiffe.
802 2042 889 2111 patet
908 2049 946 2092 ex
969 2028 1147 2090 Alexandro
1169 2029 1213 2090 de
1235 2030 1348 2106 Sym·

284 2133 369 2196 bolie
401 2130 619 2214 Pythagoricis
650 2131 735 2210 apud
763 2130 923 2194 clement.
949 2130 1036 2192 Alex.
1064 2131 1182 2192 strom.
1210 2129 1276 2191 lib.
1302 2147 1342 2192 a.

285 2253 319 2316 p.
338 2247 421 2311 531.
442 2231 573 2312 (sylb.)
596 2244 628 2292 et
643 2230 784 2314 Origene
807 2245 916 2294 contra
936 2229 1016 2294 Cels.
1038 2249 1067 2294 t.
1085 2250 1111 2292 c.
1127 2230 1149 2292 l.
1176 2247 1341 2311 quorum

286 2333 476 2396 testimoniit
494 2334 608 2393 nititur
625 2331 744 2391 Martio
766 2352 798 2416 p.
814 2347 898 2396 220.
923 2334 976 2402 ita,
1002 2347 1038 2392 ut
1054 2352 1123 2394 eam
1139 2331 1339 2392 doctrinm

285 2435 422 2499 omnino
448 2432 487 2495 ab
514 2435 678 2518 Aegyptiis
710 2446 849 2514 repetam
894 2431 1181 2516 Meremplychofin
1210 2444 1338 2493 tamen

286 2539 411 2618 optime
433 2554 473 2596 ex
501 2535 586 2596 Mela
613 2532 741 2596 refutari
761 2548 793 2595 et
822 2535 949 2618 coargui
974 2533 1128 2596 existimat
1147 2553 1187 2594 ex
1212 2533 1335 2596 verbio

283 2636 370 2698 vetut
391 2655 457 2696 ana
473 2637 608 2704 victuri,
646 2647 679 2694 et
700 2653 778 2717 quae
799 2635 839 2697 de
861 2634 954 2697 rebua
973 2637 1008 2696 in
1030 2653 1144 2718 rogum
1165 2635 1335 2697 coniecti·

283 2750 458 2800 narrantur.
512 2736 631 2799 Contra
647 2735 801 2820 Origenes
818 2737 852 2797 in
872 2733 985 2818 philol.
1008 2756 1036 2799 c.
1052 2751 1086 2799 o.
1103 2747 1136 2798 et
1152 2747 1209 2811 25.
1232 2735 1332 2815 dicit,

283 2838 466 2909 Zemolxin,
491 2837 689 2920 Pythagorae
712 2834 856 2922 οἰκέτην,
883 2837 1021 2898 Druidae
1034 2836 1233 2920 Pythagorae
1251 2835 1332 2918 phi-

282 2937 459 3021 lolophiant
490 2923 646 3008 docuille‚
681 2951 715 3000 et
745 2938 907 3000 Diodorua
924 2949 957 3014 5.
979 2949 1037 3016 28.
1065 2939 1104 3000 de
1135 2937 1331 2998 animorum

282 3036 476 3124 migratione
506 3039 693 3120 opinionem
719 3038 916 3124 Pythagorae
950 3038 1033 3121 apud
1059 3057 1116 3100 eoa
1141 3036 1329 3102 invaluitre.

282 3139 334 3206 ef.
348 3142 437 3203 daea
453 3139 514 3203 lul.
524 3137 610 3203 Cael.
622 3142 662 3200 de
672 3138 708 3200 B.
720 3139 760 3201 G.
775 3157 802 3200 t.
818 3140 840 3202 l.
864 3151 898 3199 et
910 3139 955 3200 ibi
972 3139 1131 3208 Davisius,
1153 3139 1274 3200 Lucan.
1292 3159 1328 3210 a,

281 3251 358 3322 454
375 3240 437 3324 qu.
457 3241 526 3311 alii,
554 3254 587 3303 et
607 3259 688 3321 quae
707 3259 746 3300 ex
765 3239 991 3302 recentioribus
1006 3239 1196 3302 omninode
1211 3238 1327 3302 Gallo·

282 3362 358 3405 rum
380 3343 535 3427 religione
562 3338 776 3402 disseruerunt
807 3341 903 3402 Fenel
927 3355 961 3404 et
987 3341 1095 3403 Freret
1123 3341 1158 3400 in
1179 3339 1326 3402 Memoi·

279 3462 331 3506 rea
347 3477 398 3492 -
419 3445 459 3504 de
475 3443 560 3503 Paria
574 3443 614 3504 T.
629 3452 688 3519 24.
704 3461 736 3523 p.
748 3443 819 3518 362
838 3439 899 3522 qu.
917 3455 949 3502 et
965 3453 1037 3520 389
1049 3440 1110 3523 sqq.
1150 3440 1208 3502 llle
1223 3455 1326 3522 putat

280 3563 353 3628 pag.
371 3545 454 3620 366.
474 3541 592 3604 Melam
615 3561 653 3603 ex
670 3543 890 3605 Rornanorum
909 3543 1070 3627 theologia
1093 3541 1174 3603 male
1196 3563 1321 3615 manes,

279 3663 360 3727 quoe
371 3644 477 3705 Galloa
494 3641 645 3728 ignoralle
663 3661 701 3702 ex
718 3643 846 3703 Lucano
862 3663 890 3712 ι,
901 3652 985 3724 453.
1004 3646 1143 3706 maxime
1157 3643 1320 3723 adpareat,

279 3742 484 3806 admiscuille.
526 3743 588 3805 liic
603 3762 715 3804 eorum
729 3740 1013 3824 metempsycholin
1030 3756 1141 3830 negat,
1165 3759 1198 3804 et
1213 3747 1317 3827 regio·

278 3864 355 3909 nent
377 3842 555 3906 animarum
574 3845 765 3924 alteramque
791 3844 888 3904 vitam
907 3845 1131 3925 postmortem
1153 3843 1316 3906 credidiffe

276 3959 379 4032 putat.
405 3948 454 4006 De
469 3945 703 4006 immortalitate
718 3947 895 4005 animarum
912 3946 1029 4007 credita
1045 3943 1085 4008 of.
1098 3945 1194 4008 etiam
1202 3945 1314 4029 Papon

275 4047 346 4111 hill.
364 4047 405 4111 de
422 4047 589 4110 Provenca
608 4047 649 4109 T.
671 4065 701 4111 t.
723 4045 760 4110 P.
777 4061 811 4110 a.
829 4065 861 4130 p.
878 4055 950 4130 435
966 4043 1029 4128 qu.
