2696 4896
193 408 391 467 annona.
417 409 523 466 mat.
563 403 677 468 Lm.
720 413 824 471 ova
866 409 945 484 ta.
1017 425 1076 488 ²99
1144 429 1151 444 ·

129 595 263 660 porta
278 583 319 664 t)
368 578 469 645 Possm
493 580 609 648 referre
637 585 676 647 ael
709 583 910 668 triumphalia
932 602 1070 666 pompae

32 763 33 774 ἶ
69 697 189 770 pegmata
212 696 243 744 et
265 677 397 754 sertula.
432 686 549 765 quibua
583 688 699 769 oppida
731 701 906 770 expugnata
938 687 1068 767 aliaque.

46 785 232 870 ‚imaginibus
256 799 289 848 et
320 787 452 869 picturis
477 789 640 848 interdum
667 789 818 868 expressa,
852 786 1067 870 portabantur.

31 917 32 924 ¹
67 891 97 949 tle
121 905 178 967 quo
209 887 268 947 ritu
299 888 400 948 multa
430 889 570 974 conlegit
598 888 795 972 Bulengerua
824 889 864 950 da
896 888 1068 971 triumphia

67 1008 118 1068 up.
138 989 190 1050 26.
240 990 293 1056 At.
320 989 405 1068 quorl
423 991 550 1072 gravina
565 989 623 1060 est.
650 1011 689 1052 ex
704 991 766 1052 lroc
781 991 849 1052 loca
865 989 1065 1074 intelligitur,

65 1109 114 1170 quo
127 1103 258 1170 tempore
275 1089 359 1151 Mela
380 1089 496 1150 librum
516 1090 605 1152 suum
622 1091 782 1174 scripserit.
825 1093 963 1152 llomam
978 1091 1066 1150 enim

63 1179 139 1250 reliit
161 1189 308 1252 Claudiae
331 1211 359 1252 a.
382 1209 413 1250 u.
438 1206 521 1272 797.
547 1191 614 1272 poll
637 1193 676 1254 C.
699 1192 740 1253 N.
764 1202 823 1270 44.
851 1193 885 1254 L.
910 1193 1065 1276 Qrtinetio

65 1289 184 1372 Crispino
205 1291 322 1351 iterum
347 1305 380 1353 et
403 1291 449 1354 Μ.
467 1295 592 1355 Statilio
614 1295 719 1355 Tauro
737 1293 821 1356 CSS.
842 1292 909 1374 poll
933 1291 1065 1361 sextum.

65 1412 137 1472 quarn
152 1388 389 1472 profectusum,
406 1392 557 1462 mensem,
571 1398 620 1454 nti
635 1395 747 1457 diserte
759 1395 924 1455 adfirmant
932 1395 1064 1456 sueton.

64 1513 114 1574 up.
132 1507 180 1564 ι7.
202 1507 234 1553 et
247 1495 314 1554 Dio
330 1496 387 1564 60,
406 1507 465 1572 23.
507 1495 677 1576 Superiora
692 1515 777 1559 anno
801 1509 907 1556 autem
927 1494 1066 1555 Romam

64 1592 246 1664 contendisse,
279 1591 452 1678 praemissit
478 1599 627 1660 victoriae
653 1599 797 1669 aunella.
830 1597 894 1658 Dio
920 1613 987 1678 cap.
1005 1609 1064 1658 aa.

63 1709 123 1758 extr.
141 1691 241 1758 refert.

117 1899 203 1976 proi
210 1909 307 1959 ecta
315 1898 334 1980 )
384 1900 437 1962 Sic
457 1913 489 1964 et
513 1903 684 1966 lornandee
711 1901 752 1963 de
771 1897 838 1961 reb.
855 1897 927 1961 Get.
947 1917 1014 1980 cap.
1031 1913 1065 1962 a.

63 1997 125 2056 inter
142 1989 427 2087 septemtrionalem
451 2003 732 2086 occidentalemque
756 2001 887 2081 plagam
912 2001 1064 2080 proiecto.

61 2097 160 2160 Pliniue
178 2109 210 2178 4,
230 2115 290 2180 5⁰·
312 2099 332 2166 s.
352 2103 406 2166 16.
431 2123 503 2164 cum
528 2104 683 2166 Martiano
701 2103 828 2183 Capella
848 2100 903 2161 lib.
921 2101 955 2163 6.
973 2121 1004 2182 p.
1020 2119 1066 2162 m.

63 2211 128 2276 215.
149 2201 244 2264 verbo
268 2203 353 2264 iacet
373 2205 484 2269 utitur.
535 2207 585 2266 De
602 2207 700 2268 verbo
714 2205 854 2285 proiecta
870 2201 936 2264 vid.
951 2201 1064 2286 virgil.

62 2301 123 2361 len.
138 2318 167 2370 a.
182 2303 266 2382 699.
289 2315 320 2364 et
342 2304 387 2364 ibi
401 2305 640 2368 Taubmannue.
692 2307 754 2369 Sed
777 2302 845 2366 satis
867 2304 905 2362 de
926 2301 982 2362 suu
1001 2300 1066 2384 ipse

62 2399 127 2462 Mela
147 2419 266 2483 praeter
289 2407 382 2476 aliae,
415 2407 469 2466 etti
494 2427 559 2467 non
584 2427 695 2469 omnee
715 2419 854 2466 accurate
875 2403 914 2464 tle
936 2403 1066 2464 aliarum

61 2514 187 2563 terrarum
212 2506 359 2576 obiectu,
390 2507 554 2588 Hispaniae
574 2509 608 2568 in
641 2503 752 2591 primia
777 2519 808 2568 et
831 2505 1067 2584 Pyrenaeornut

61 2605 218 2675 montium,
245 2607 294 2666 uti
316 2607 424 2668 Caesar
440 2611 479 2670 ‹le
496 2609 531 2670 ll.
551 2609 589 2671 G.
607 2619 641 2685 5.
663 2623 717 2684 13.
746 2607 857 2668 Strabo
873 2615 907 2684 4.
932 2627 963 2687 p.
984 2617 1064 2682 137.

61 2699 77 2762 s·
95 2723 163 2783 199.
184 2707 311 2770 Plinius
324 2728 350 2770 c.
366 2709 388 2771 l.
404 2710 526 2790 aliique,
547 2712 585 2770 ‹le
603 2729 666 2790 quo
683 2711 747 2770 vid.
766 2709 895 2771 Cluver.
911 2707 942 2766 in
955 2707 1064 2768 Germ.

61 2817 110 2866 ³¹¹¹·
126 2823 154 2875 Ω,
169 2819 226 2884 28.
245 2829 278 2890 p.
293 2810 365 2889 446
384 2808 424 2890 sq.
455 2811 605 2872 Cellarina
626 2813 661 2870 ad
687 2809 836 2870 Eumenis
860 2827 1008 2892 panegyr.
1026 2805 1066 2867 ad

59 2904 261 2970 Constamiurn
286 2909 371 2972 Caes.
398 2931 464 2992 cap.
487 2923 539 2990 ¹8·
574 2911 753 2994 Welseling.
780 2899 821 2969 ars
845 2909 976 2970 Diodor.
1003 2909 1066 2968 Sic.

60 3019 86 3082 5,
101 3023 153 3073 tr.
173 3022 205 3072 et
219 3030 316 3091 quem
334 3011 438 3072 laudat
456 3013 501 3074 lo.
520 3013 682 3074 Hornleiue
698 3013 730 3071 in
747 3011 908 3071 Britannia
924 3009 1069 3070 Romana

58 3105 102 3171 lib.
117 3123 145 3188 3.
160 3131 230 3195 cap.
251 3133 280 3174 1.
333 3111 507 3174 Minimum
527 3114 654 3174 distabat
677 3126 799 3180 tamen.
826 3111 910 3192 quod
932 3128 971 3170 ex
993 3107 1069 3170 sulii

60 3207 177 3273 Caesaris
202 3211 408 3294 expeditione
435 3229 548 3274 notum
577 3227 658 3283 erat,
692 3234 707 3274 a
733 3213 849 3274 Galliae
874 3223 979 3292 parte.
1012 3207 1070 3268 ubi

59 3309 162 3374 Morini
176 3314 370 3378 habitabant.
410 3315 533 3378 Pliniue
551 3314 646 3376 habet
663 3328 708 3392 5⁰
728 3313 772 3374 tt.
792 3313 829 3374 P.
860 3311 972 3372 Strabo
996 3323 1066 3389 320

59 3409 136 3474 stadia
158 3417 179 3477 i.
194 3436 224 3476 e.
240 3427 287 3492 4ο
303 3415 350 3476 Μ.
368 3415 404 3479 P.
432 3417 495 3478 Dio
514 3430 571 3495 39.
596 3427 653 3493 5⁰·
678 3426 822 3476 numerat
838 3413 875 3472 ars
898 3412 1070 3472 minimum

61 3514 98 3588 56
113 3516 156 3578 M.
172 3517 210 3578 Ρ.
238 3535 352 3578 rzecrt.
404 3518 529 3578 Romae
551 3518 696 3597 quidem,
729 3515 784 3576 ubi
808 3513 937 3574 vivebat
961 3523 1070 3572 auctor

60 3616 156 3686 noller.
169 3630 253 3678 recta
269 3617 301 3678 id
315 3615 492 3690 dicabatur;
520 3616 568 3678 sed
583 3617 601 3676 li
616 3619 761 3698 quianon
777 3616 917 3684 relative,
937 3609 985 3674 sed
1000 3611 1069 3672 sim·

59 3715 168 3796 pliciter
183 3719 309 3790 dixerit,
334 3720 360 3780 ie
378 3738 443 3780 non
460 3719 605 3780 inusitate
619 3723 752 3786 tantum.
780 3735 890 3776 verum
906 3715 1003 3774 etiam
1019 3710 1070 3772 ab·

61 3813 137 3880 sorde
153 3821 307 3901 loquetur.
361 3821 445 3882 Cum
462 3821 548 3882 enim
564 3818 735 3881 insularum
750 3819 955 3896 locorumque
970 3814 1070 3898 lougi-

59 3919 127 3981 tudo
142 3935 173 3981 et
188 3921 325 3984 extentio
342 3918 533 3992 describitur,
559 3919 739 4003 designandi
754 3915 823 3978 snnt
838 3917 978 3978 cardines
992 3916 1072 3978 coeli

60 4021 243 4088 ediametro
266 4023 324 4086 libi
354 4023 495 4086 invicem
525 4015 679 4107 oppositi,
717 4037 785 4082 uon
816 4037 893 4084 vera
919 4019 1073 4082 viciniat
