2650 4896
128 427 186 488 ne
213 423 351 486 rone.
382 423 492 483 net.
533 423 644 482 orn
685 423 807 490 ovet
845 426 922 498 tr.
992 441 1054 510 ⁸⁷³

19 591 154 698 irrsaimre
175 599 257 696 ostio
288 597 391 660 earnis
408 588 588 690 subiectam
613 619 693 662 auro
725 596 897 664 abundare.
945 601 996 668 cf.
1019 591 1054 670 et

19 703 114 770 Sosin.
130 723 208 787 cap.
226 714 284 779 52.
300 699 322 766 s.
341 709 398 777 55.
423 696 481 784 qtti
504 697 652 761 Plinium
668 697 796 784 repetit.
827 699 872 787 03)
892 701 941 765 Ad
963 725 1051 771 mare

17 809 129 878 Eoum,
154 801 295 873 ὁπόταν,
321 797 435 863 relicto
451 801 584 864 Oceano
600 800 767 881 Scythico,
790 799 869 891 πρὸς
881 797 967 890 ἢςόην
983 801 1051 872 tta

19 903 172 995 κάμψῃς,
198 921 238 967 ut
249 901 383 982 Dionys.
399 923 430 963 v.
443 912 526 981 589.
544 903 631 964 etsie
644 902 784 986 explicat
798 901 846 966 ibi
862 905 1051 972 Eustathiue

20 1004 88 1096 πρὸς
101 1005 179 1084 τοῖς
195 1001 283 1090 ἑῴοις
296 1002 360 1069 τοῦ
375 999 562 1076 'nutaverit
580 1001 725 1065 Avienus
741 1001 776 1066 in
791 1003 912 1090 perieg.
924 1029 954 1072 v.
966 1023 1049 1090 770.

17 1109 56 1171 aa
73 1123 186 1172 ortam
208 1105 349 1190 Seytieiei
368 1107 485 1178 marirr
516 1102 670 1168 Martian.
689 1107 800 1188 Capes.
818 1108 850 1170 6.
872 1127 943 1191 pag.
966 1121 1046 1192 224.

14 1232 106 1292 prope
120 1199 273 1301 Nysam
295 1206 478 1290 Stephanus
498 1203 636 1268 omnino
652 1205 795 1286 Chrysen
812 1205 894 1271 dicit
909 1211 1048 1274 Cherro-

15 1311 125 1373 nesmn
147 1309 275 1373 Indiae.
308 1304 480 1370 D’Anville
496 1328 528 1390 p.
550 1307 618 1372 166
634 1307 699 1393 sqq.
722 1327 853 1372 auream
869 1311 1048 1374 Chersone·

14 1412 77 1474 sam
94 1427 198 1496 potat
217 1411 276 1474 effe
298 1429 402 1493 paene
419 1405 559 1470 insulam
581 1409 614 1471 h.
629 1411 777 1492 Malaya.
828 1411 892 1473 Sed
909 1433 992 1496 qnae
1013 1415 1049 1476 fit

13 1513 113 1576 Noſtri
141 1511 269 1584 insula,
304 1528 371 1572 non
394 1507 525 1577 constat.
586 1507 656 1571 Hill
681 1511 722 1572 ed
747 1508 880 1589 Dionys.
907 1535 938 1575 v.
963 1523 1046 1601 589.

13 1613 159 1696 Chrysen
175 1629 271 1699 putat
290 1613 322 1675 h.
339 1611 544 1684 Metaccam,
568 1613 712 1696 Argyren
732 1612 923 1678 Sumatram.

72 1809 133 1911 so
147 1817 163 1880 s
177 1815 215 1900 ἰ)
254 1811 340 1878 Plin.
357 1833 385 1877 c.
400 1813 421 1876 l.
440 1811 539 1878 dicit:
564 1805 694 1906 fertiles
715 1815 857 1888 metallis,
885 1829 921 1880 ut
944 1819 1046 1886 eredo.

11 1919 96 1984 Nam
128 1917 222 2003 quoti
250 1917 351 2000 aliqui
380 1915 553 1988 tradidere,
590 1937 717 1977 aureum
745 1931 983 2002 argenteumque
1008 1923 1048 1984 iis

6 2013 109 2114 saian
130 2011 210 2111 effe,
236 2017 325 2082 tend
336 2008 445 2108 saeiie
464 2015 654 2080 crediderim.
707 2015 802 2081 Mart.
825 2019 957 2101 Capella
981 2042 1008 2084 c.
1024 2024 1046 2085 l.

12 2115 136 2214 &sulas
168 2121 252 2183 duas
274 2117 510 2202 praedicandas
533 2121 607 2180 aori
631 2121 814 2202 argentique
843 2123 976 2182 metallis
1008 2143 1048 2185 aa
1169 2177 1174 2190 .

6 2215 147 2316 foetura
170 2224 264 2285 etiam
279 2217 441 2284 vocabulis
461 2217 667 2300 adprobatur.
709 2221 799 2282 Nam
814 2243 879 2282 una
898 2213 1047 2314 Chrysea.

10 2327 155 2408 Argyraa
175 2323 278 2386 astera
296 2333 509 2400 nuncapatur.
542 2317 676 2400 Dionys.
692 2343 722 2382 v.
742 2333 822 2400 59⁰·
847 2343 864 2382 a
884 2321 947 2383 sole
965 2321 1049 2392 deri·

9 2441 80 2488 vat:
118 2419 202 2490 infla
229 2414 284 2488 itai
310 2419 415 2486 αὐτοῦ
441 2415 587 2510 ’Δντολίη
616 2419 776 2511 καθαροῖο
806 2421 976 2502 Φαείνεται
1000 2417 1049 2510 ipa·

8 2519 115 2598 isere,
140 2539 175 2587 et
196 2525 238 2587 iic
251 2520 367 2588 Avien.
383 2523 449 2586 ol.
471 2514 585 2616 Insula
599 2557 645 2571 -
663 2544 767 2595 aurea,
789 2521 875 2604 qaod
882 2517 983 2614 frrloo
993 2518 1049 2620 soi

8 2627 59 2690 ieie
72 2627 183 2708 magis
203 2623 274 2688 orbe
287 2617 439 2716 rubescat.
475 2623 619 2687 Eustath.
636 2624 676 2686 od
692 2621 826 2703 Dionys.
841 2645 869 2686 c.
886 2627 906 2686 1.
924 2641 1047 2689 utrum·

9 2749 74 2814 qne
99 2723 277 2811 coniungit
302 2740 335 2787 et
356 2721 426 2786 auri
451 2721 655 2786 fertilitatem
678 2741 711 2788 et
733 2724 808 2787 solie
833 2725 1047 2810 splendorem.

6 2831 66 2894 Ea
84 2849 119 2891 re
132 2843 244 2890 antem
257 2826 300 2889 esi
314 2847 354 2890 ex
368 2839 496 2896 namra,
523 2825 564 2887 de
582 2845 648 2911 quo
666 2825 734 2889 vid.
752 2827 851 2890 Corte
866 2827 905 2888 ad
922 2829 1047 2892 Sallust.
1183 2825 1185 2836 '

8 2931 53 2995 rie
66 2933 110 2995 B.
124 2932 150 2994 l.
167 2949 237 3015 cap.
256 2939 314 3006 78.
328 2925 373 2992 in.
398 2923 456 2988 ubi
473 2941 506 2988 et
521 2927 611 2988 hunc
627 2929 734 2990 Melae
750 2930 861 2991 loctun
877 2924 1007 2993 adiecit.

94 3127 358 3213 Taprobane)
408 3127 464 3192 Gr.
490 3125 706 3220 Terpossa'ny.
747 3125 833 3215 Quia
859 3127 1049 3208 Taprobane

5 3231 154 3308 dixerit,
186 3247 226 3294 ut
252 3229 352 3292 refert
380 3227 481 3292 etiam
507 3227 865 3316 d'Anvilsepeg.14o.
894 3227 1049 3315 equidem

2 3333 150 3420 ignoro.
177 3349 264 3396 etex
281 3327 422 3396 Cellario
443 3331 580 3394 ductum
600 3348 692 3418 puto.
733 3333 848 3393 *Multa
865 3331 905 3392 de
921 3329 976 3392 illa
994 3352 1048 3392 ve-

5 3451 99 3500 teres
118 3435 262 3498 aedunt.
297 3431 386 3498 Olim
400 3427 487 3502 dicte
503 3431 548 3494 est
565 3428 872 3524 Παλαισιμούνδου,
897 3431 966 3516 post
980 3429 1049 3495 Σα-

5 3533 110 3625 λικῇ.
142 3533 194 3602 uti
217 3533 389 3598 adfinnant
409 3531 569 3599 Marcion.
585 3535 713 3602 Heracl.
735 3553 807 3620 pag.
828 3531 882 3598 26.
909 3533 1048 3596 Ptolem.

2 3655 48 3723 7,
67 3649 103 3717 4„
135 3638 342 3722 Agathemer.
362 3653 393 3707 o,
410 3631 444 3698 6.
478 3636 633 3720 Stephon.
651 3636 683 3698 h.
705 3657 737 3702 v.
762 3635 850 3697 unde
871 3635 925 3696 soa
945 3633 1049 3696 hausit

1 3739 159 3804 Eustath.
184 3739 225 3800 ad
245 3735 378 3814 Dionys.
395 3757 425 3798 v.
449 3747 532 3822 593.
560 3735 696 3822 quidem
716 3751 824 3799 tamen
848 3731 951 3800 πάλαι
975 3730 1048 3796 aliie

6 3837 213 3925 'nterpofitie
238 3835 376 3901 vocibue
402 3855 420 3898 a
447 3833 634 3927 Σιμούνδου
662 3837 851 3920 seiungunt,
883 3852 917 3897 et
943 3833 1049 3898 Eusta-

2 3940 104 4006 thius
124 3939 209 4006 ποτὲ
229 3933 362 4026 Σαλικῇ
389 3933 488 4010 dicit.
522 3959 562 4001 ex
583 3959 648 4024 quo
674 3942 799 4008 elucet,
836 3936 900 4011 hoc
924 3955 1048 3999 nomen

1 4041 80 4106 iam
95 4059 179 4106 tnnc
195 4039 293 4105 etiam
307 4037 472 4102 interiisse.
505 4037 633 4103 Pliniue
650 4042 681 4112 6,
700 4050 756 4124 24.
772 4037 794 4102 s.
813 4055 868 4100 oa.
887 4034 1048 4121 oppidum

2 4141 426 4214 habetPalaefimundum;
454 4155 486 4201 et
501 4141 541 4204 sic
555 4142 688 4207 sinnas.
697 4139 733 4206 in
743 4137 847 4206 Sosin.
857 4161 889 4224 p.
904 4160 948 4202 m.
963 4149 1047 4223 781.

60 4263 159 4336 Pomp.
178 4260 270 4316 Mela·
291 4261 405 4334 Exeget.
423 4259 458 4312 L.
473 4259 523 4312 111.
768 4243 791 4308 S
