2746 4894
305 405 369 488 526
574 407 738 470 NOTAE
776 408 1077 480 EXEGETICAE·

310 588 381 649 sum
398 581 489 649 dicit
515 587 573 648 Illa
590 602 699 650 autem
712 589 791 649 urba
805 581 877 650 aliia
892 587 925 648 h.
942 588 1097 660 Amatur,
1115 581 1192 648 aliis
1205 577 1338 674 Hoffm-

310 689 397 752 nata
416 689 476 752 effe
496 703 638 772 putatur.
692 691 813 752 Dextra
831 685 902 750 eiua
924 685 1064 760 montis,
1090 684 1151 772 qui
1173 689 1337 771 perlitum

311 791 353 852 tle
368 791 437 852 Abu
455 786 596 873 intelligi
619 791 736 875 potest,
761 791 968 874 Euphraten,
1000 792 1090 851 laeva
1107 786 1242 873 Tigrim
1265 785 1337 850 oriri

312 889 422 954 tradit.
457 894 612 956 Dextram
624 895 740 960 Strabo
759 917 813 956 ιι.
829 915 862 976 p,
878 905 960 972 359.
977 891 997 954 s.
1012 904 1057 968 52
1069 913 1096 956 ι.
1118 906 1218 954 vocat
1235 891 1337 954 borca-

312 995 397 1066 lem‚
425 994 551 1056 laevam
574 993 762 1066 australem,
794 991 871 1078 quia
888 1013 927 1055 ex
949 991 1064 1054 coelem
1087 1007 1205 1054 monte
1225 1006 1335 1055 utrum·

314 1115 377 1178 que
394 1092 535 1162 fluvium
551 1092 654 1169 ducit,
673 1093 819 1159 sontibus
840 1109 933 1173 25⁰⁰
952 1092 1060 1166 stadia,
1079 1091 1102 1156 i.
1121 1115 1150 1158 e.
1168 1109 1239 1170 3¹⁹
1255 1093 1296 1156 M.
1304 1093 1334 1164 Ρ,

314 1193 515 1263 distantibus.
551 1198 681 1260 Orosius
704 1223 734 1267 1.
754 1215 785 1260 e.
807 1218 879 1281 pag.
900 1215 953 1276 19.
971 1193 1157 1281 (Havete.)
1178 1216 1219 1256 ex
1239 1191 1337 1256 radice

313 1293 486 1372 ¹Armeniae
508 1296 630 1362 muntia
646 1300 861 1363 Porcltootroc
884 1296 1009 1360 effundi
1029 1297 1129 1360 refert
1143 1317 1223 1360 cum
1235 1298 1337 1368 Araxe.

315 1419 459 1484 eumque
478 1415 625 1464 montem
640 1421 657 1461 a
672 1403 783 1464 Tauro
805 1396 971 1464 discernit.
1023 1400 1168 1471 Urbem,
1192 1397 1234 1460 acl
1253 1415 1338 1481 quom

317 1498 440 1573 oritur,
473 1519 568 1566 vocat
581 1503 711 1571 Orosius
725 1523 797 1586 pag.
817 1516 870 1579 ¹5·
888 1493 1073 1592 Dacusom‚
1101 1502 1160 1562 etsr
1174 1499 1278 1565 codd.
1291 1517 1337 1558 va·

316 1599 413 1676 piant.
458 1599 568 1664 Plinio
590 1605 653 1666 line
676 1602 777 1674 dubio
799 1602 842 1666 est
863 1595 1026 1694 Dascusa.
1053 1623 1080 1666 c.
1103 1605 1127 1666 l.
1160 1598 1211 1665 uti
1233 1615 1264 1662 et
1285 1617 1336 1682 pro

317 1700 498 1774 Δασκοῦτα
519 1705 616 1766 habet
636 1705 718 1768 Cod.
739 1703 908 1774 Palatinus
931 1700 1111 1766 Ptolemaei
1129 1718 1164 1782 5,
1182 1720 1215 1786 7.
1241 1699 1338 1786 quiet

319 1803 481 1866 Zimaram
504 1822 673 1872 memorat.
713 1807 763 1870 Cs.
785 1806 825 1868 de
847 1821 983 1891 utraque
1004 1804 1183 1889 Wesleling
1199 1803 1240 1867 ad
1253 1805 1338 1866 Anto*

318 1903 392 1968 nini
417 1903 526 1969 itiner.
548 1927 621 1992 pag.
641 1920 710 1994 cog
728 1909 770 1994 sq.
823 1909 864 1970 At
879 1910 962 1978 mala
980 1904 1028 1969 ibi
1046 1907 1156 1970 fontes
1178 1901 1337 1989 Euphrau't

317 2003 432 2092 ponit,
460 2005 517 2093 qui
539 2006 669 2092 lougius
687 2007 766 2080 hine
787 2009 911 2074 absunt.
956 2009 1081 2072 Tabula
1098 2007 1338 2090 Peuringeriana

326 2131 380 2172 ιο.
401 2107 492 2195 ducit
508 2131 524 2178 a
539 2126 669 2184 monte,
702 2133 800 2195 quem
816 2126 913 2180 vocat
928 2112 1122 2174 Parverdem
1144 2107 1168 2174 i.
1190 2129 1218 2180 e,
1235 2108 1335 2184 Parya·

319 2209 468 2284 radrem,
499 2208 550 2277 uti
569 2209 636 2276 iam
657 2211 800 2282 coniecit
821 2213 952 2286 Salmas,
977 2211 1018 2272 ad
1035 2209 1139 2276 Sosin.
1157 2235 1189 2296 p.
1207 2231 1250 2272 m.
1264 2218 1335 2287 44⁰⁹

318 2311 390 2372 Effe
406 2327 516 2374 autem
530 2315 619 2378 bunc
634 2313 774 2378 fluvium
791 2316 888 2377 docet
903 2313 1013 2376 cursus
1028 2329 1158 2398 praeter
1178 2307 1334 2376 Samosata.

318 2413 417 2484 Mona
431 2411 488 2484 ille
502 2418 585 2484 ultra
599 2416 707 2480 Abum
720 2414 806 2484 iacet
828 2416 937 2478 versus
960 2412 1099 2477 iberiam
1118 2430 1153 2478 et
1172 2406 1335 2478 Albaniam.

320 2511 371 2576 uti
392 2531 482 2602 patet
505 2537 545 2578 ex
566 2519 727 2588 Strabone
749 2541 802 2588 ιι,
822 2540 855 2601 p.
871 2529 953 2596 359.
971 2516 992 2578 s.
1009 2529 1092 2602 521.
1110 2532 1145 2579 et
1165 2511 1238 2578 aliie
1257 2505 1337 2579 locis.

321 2612 421 2681 etiam
435 2638 475 2678 ex
487 2619 676 2680 Ptolemaeo
688 2632 721 2695 5,
737 2621 769 2682 6.
787 2616 1002 2702 aliquatenus.
1041 2616 1106 2682 Ubi
1126 2617 1235 2680 fontes
1249 2623 1336 2697 ponit

319 2717 537 2790 Ptolemaeus.
563 2722 617 2780 etsi
632 2717 814 2786 accuratius
829 2716 917 2782 statui
932 2715 1059 2803 nequit,
1080 2741 1158 2782 cum
1174 2731 1207 2780 et
1221 2705 1335 2779 numeri

321 2815 465 2889 incertae
483 2821 541 2881 smt
564 2819 659 2893 fidei,
686 2821 783 2888 docet
806 2839 913 2888 tamen
930 2821 1040 2882 cursus
1061 2835 1094 2882 et
1115 2815 1335 2881 notariorum

320 2940 414 2992 rum,
447 2911 639 2989 ulteriua'et
660 2920 761 3006 magia
781 2925 821 2992 ad
845 2919 1110 3006 septemtrionem
1131 2923 1227 2983 abeo
1245 2931 1335 2983 rento·

319 3017 402 3092 veri,
445 3021 514 3092 viu.
531 3037 565 3102 5,
588 3040 641 3102 15.
668 3041 702 3094 et
722 3045 806 3110 quae
827 3022 977 3107 pluribus
996 3021 1143 3106 disputat
1161 3017 1283 3084 Salmas.
1302 3011 1335 3078 ad

243 3156 245 3166 ·
321 3121 427 3192 solia.
445 3141 502 3201 57.
517 3125 537 3188 s.
553 3136 612 3204 4ο,
629 3149 661 3209 p.
677 3146 722 3190 m.
739 3137 812 3204 437
829 3125 893 3210 sqq.
915 3121 1126 3208 paucioribus
1143 3117 1295 3188 Cellariut
1306 3112 1335 3182 iu

322 3225 440 3308 Geogr.
461 3243 525 3291 ant
544 3243 577 3306 3,
601 3249 655 3297 ιι,
673 3239 705 3303 5.
756 3228 850 3288 Errat
870 3223 1024 3290 Aetbicus
1046 3247 1077 3310 p.
1096 3239 1180 3303 795.
1204 3211 1332 3307 (Gran.)

321 3324 379 3410 qui
404 3347 479 3391 eum
502 3329 590 3392 haud
615 3330 731 3411 procul
755 3318 885 3420 Adcuso
905 3329 987 3393 urbe
1008 3325 1097 3398 nasei
1117 3327 1234 3394 refert,
1265 3333 1332 3406 quas

321 3447 398 3492 cum
413 3419 567 3519 Dascusa
588 3431 703 3512 procul
724 3425 826 3491 dubio
841 3431 893 3500 sit,
920 3449 1010 3490 error
1025 3425 1080 3490 hic
1098 3425 1165 3498 iam
1182 3440 1271 3486 antea
1286 3435 1330 3480 no·

320 3544 406 3591 tatus
428 3529 480 3600 est.
533 3532 573 3592 Δι
587 3528 716 3612 lougius
733 3527 788 3591 ille
804 3546 951 3612 vagatur,
977 3545 1010 3590 et
1030 3551 1061 3620 p.
1081 3545 1164 3608 709,
1184 3526 1218 3588 in
1236 3515 1331 3586 Indiae

321 3628 445 3714 campis
464 3627 534 3693 cius
557 3630 682 3692 sontem
705 3646 950 3697 commemorat.
1003 3631 1120 3714 Aperte
1144 3627 1258 3696 etiam,
1287 3616 1329 3690 effi

320 3729 438 3804 levius,
455 3717 753 3817 erratPtblernaeua
771 3746 805 3811 5,
828 3747 881 3809 13.
901 3733 980 3798 dum
989 3733 1139 3794 Artaxata
1154 3723 1328 3808 adEuphse

320 3847 389 3896 tem
404 3831 510 3918 ponit,
526 3831 665 3897 miscent
679 3855 754 3898 eum
772 3856 847 3898 cum
863 3839 972 3903 Araxe.
1001 3835 1105 3894 Multa
1121 3851 1215 3916 porro
1229 3827 1266 3888 de
1279 3816 1327 3884 ori·

320 3932 399 4020 gine
420 3933 490 4002 eius
518 3936 672 4018 congessit
696 3933 870 3998 Boccatius
895 3937 936 3998 tle
959 3931 1152 3999 fluminibus
1173 3937 1204 3996 lt.
1223 3951 1251 3990 v.
1281 3915 1327 3984 ubl

318 4036 428 4098 Melae
453 4037 543 4099 hunc
567 4041 677 4100 locum
699 4054 865 4120 practerea
886 4052 1019 4103 auctum
1042 4033 1160 4100 reddit.
1207 4029 1265 4095 Sed
1283 4042 1325 4084 au·

320 4135 434 4202 tliendi
452 4157 541 4208 nunc
558 4137 632 4210 sunt
648 4137 847 4210 recentiores
870 4138 971 4212 testea.
1006 4136 1207 4205 Tournesort
1222 4137 1326 4209 voyage
