2674 4906
271 361 343 476 '240
547 395 709 455 nossa
750 347 1071 471 cursantem

257 571 261 578 ’
282 559 606 660 merciaexspectant.
652 569 747 653 Quae
768 571 880 644 verba,
907 570 1090 633 sisensum
1108 569 1244 654 spectes,
1267 572 1327 632 red·

283 670 441 734 diderunt
466 665 599 730 Solinus
619 689 689 752 cap.
714 685 771 749 5⁰·
798 671 819 734 s.
846 687 904 750 53.
950 670 1125 734 Martian.
1152 671 1282 754 Capella
1302 675 1328 737 6.

281 795 314 858 p.
334 787 415 848 223.
444 771 548 832 Amm.
572 770 754 835 Marcellin.
774 788 831 850 23,
855 777 887 838 6.
921 771 986 836 ubi
1006 776 1112 857 plura
1135 773 1178 833 de
1202 770 1242 834 iis
1263 792 1329 834 con·

282 871 382 958 gessit.
420 873 616 955 Repugnare
638 869 773 958 quidem
793 871 925 936 videtur
941 873 1111 946 Solinus,
1137 874 1227 956 apud
1243 895 1329 957 quern

283 973 422 1058 legiturt
450 974 633 1056 reliquomrn
655 975 834 1037 mortalium
851 991 958 1039 coetus
981 969 1186 1068 refugiunt,
1209 975 1283 1036 adeo
1297 987 1329 1036 nt

282 1091 453 1138 ceterarum
470 1077 609 1156 gentiunt
623 1079 808 1138 commercia
826 1075 982 1140 abnuant.
1019 1077 1132 1162 Quod
1150 1077 1329 1136 Salrnalium

283 1199 316 1262 p.
333 1198 377 1238 m.
396 1178 479 1256 695.
500 1173 635 1260 impulit
656 1173 773 1252 etiarn,
808 1193 846 1238 ut
866 1175 901 1238 in
916 1176 1034 1240 Plinio
1058 1179 1247 1261 legendum
1266 1197 1329 1238 cen·

282 1279 367 1340 seret
387 1269 588 1368 despectant,
612 1274 776 1340 renitente
798 1278 989 1352 nerduino,
1021 1277 1086 1364 qui
1116 1293 1232 1362 putat,
1257 1273 1327 1338 Soli·

282 1399 364 1444 num
377 1375 479 1440 ¹Plinii
500 1379 599 1439 verba
619 1380 704 1440 male
720 1379 895 1452 detorsisse,
922 1381 1034 1442 Vossio
1056 1395 1254 1464 praeterea,
1278 1374 1328 1461 qui

283 1477 437 1544 Solinum
458 1477 695 1542 commercium
719 1478 849 1562 linguae
877 1480 1056 1566 respexisse
1087 1478 1270 1550 existimat,
1300 1492 1327 1538 et

281 1578 428 1648 salmasii
458 1576 724 1642 emendationem
754 1579 864 1643 Plinio
898 1580 1083 1666 indignam
1111 1597 1147 1643 et
1182 1578 1326 1662 frigidam

281 1681 418 1746 iudicat.
454 1679 647 1744 Ammianus
664 1681 874 1744 Marcellinus
892 1703 919 1746 c.
938 1687 958 1746 l.
986 1683 1130 1755 diserte,
1156 1682 1261 1752 nulla,
1282 1677 1324 1740 in·

283 1782 373 1872 quit,
396 1776 576 1875 sermonum
601 1787 684 1856 vice,
710 1780 942 1876 propositarnrn
977 1808 1086 1848 rerum
1119 1786 1231 1863 pretia
1255 1771 1325 1872 solis

282 1887 382 1950 aculis
405 1884 624 1977 aestimantur.
676 1885 819 1948 Eustath.
843 1887 891 1946 ad
904 1884 1040 1966 Dionys.
1068 1909 1103 1949 v.
1125 1898 1211 1962 752.
1235 1877 1321 1943 dicit:

284 1981 541 2073 ἀναγράψαντες
571 1981 614 2049 ‘ti
645 1983 771 2076 τίμημα
806 1984 950 2064 σακκίοις
979 1979 1209 2074 ὑποχωροῦσι
1233 2017 1281 2030 -
1301 1977 1324 2044 al

281 2087 340 2181 μὲν
355 2087 555 2172 ἀρέσκονται,
572 2082 782 2173 λαμβάνουσι
791 2108 822 2150 r.
833 2084 940 2177 τιμὴν,
959 2087 987 2153 ai
1001 2086 1036 2152 δὲ
1051 2087 1102 2179 μή
1120 2110 1173 2172 γε,
1189 2081 1235 2149 w*
1247 2078 1319 2154 istm

281 2205 316 2251 ‘et
339 2186 407 2270 post
427 2185 528 2246 simile
554 2183 678 2269 aliquid
699 2185 814 2251 adiicit
835 2187 906 2250 fieri
933 2205 1022 2251 extra
1048 2193 1233 2252 columnas
1252 2186 1322 2245 Her·

282 2286 378 2359 culis,
403 2287 493 2371 quod
508 2287 646 2348 ductum
660 2286 703 2350 est
718 2309 757 2350 ex
768 2290 937 2352 Herodoto
952 2301 987 2368 t,
1007 2295 1092 2370 196.
1129 2287 1190 2352 Sic
1204 2287 1320 2348 Marce·

221 2401 227 2412 '
282 2409 381 2454 canos
398 2386 434 2449 in
450 2386 596 2451 Guineae
614 2387 748 2462 finibus,
774 2388 832 2452 ubi
856 2389 1001 2454 invicem
1021 2389 1251 2458 conveniunt,
1271 2403 1319 2445 nc·

282 2487 402 2575 gotiari
419 2488 586 2552 mercibus
608 2489 850 2554 commutandis
874 2495 938 2554 sme
959 2493 1113 2556 sermone
1128 2493 1212 2562 sere,
1238 2485 1317 2549 testa·

281 2607 336 2654 tur
352 2591 450 2652 Hoest
464 2611 497 2672 p.
519 2607 599 2670 279.
637 2592 716 2652 Inde
734 2590 941 2676 intelligitur,
968 2616 1025 2657 cur
1046 2592 1186 2656 Plinius
1205 2586 1317 2670 aliique

280 2689 379 2754 mites
396 2707 429 2753 et
452 2689 530 2775 feris
551 2689 667 2754 similes
689 2691 826 2764 saciant,
853 2711 987 2778 propter
1003 2692 1154 2780 hospites
1179 2707 1213 2754 et
1231 2689 1315 2750 adve-

281 2813 339 2855 nas
360 2793 523 2865 exclusos,
550 2808 588 2854 ut
603 2792 744 2876 explicat
760 2794 880 2858 Vossius
902 2811 951 2867 et,
979 2795 1035 2881 qui
1054 2800 1096 2858 ab
1117 2817 1160 2858 eo
1181 2793 1237 2855 sua
1253 2807 1316 2850 mu·

281 2909 392 2958 cuatus
418 2893 476 2966 est,
509 2891 698 2959 Harduinua
721 2899 760 2960 ad
787 2893 943 2960 Plinium.
993 2899 1036 2959 Et
1057 2900 1101 2961 stc
1124 2883 1314 2983 ᾰπροσμιγὲς

283 2990 467 3084 ἀνθρώποις
488 2992 578 3079 γένος
595 2996 736 3079 adpellat
752 2999 936 3080 Stephanus
950 3019 977 3060 c.
995 3000 1016 3061 l.
1058 2998 1249 3062 Iustissimos
1267 3009 1314 3050 au·

282 3113 349 3160 tem
364 3095 533 3180 praedicat
544 3097 656 3158 Noster
671 3100 736 3159 sure
751 3095 970 3170 dubitatione,
997 3101 1039 3161 ob
1056 3100 1161 3163 fidem
1183 3095 1220 3157 in
1241 3109 1311 3154 ven·

281 3195 399 3260 dendis
415 3195 579 3260 mercibus
594 3215 725 3262 certam.
753 3199 909 3262 Ceterum
926 3197 1203 3289 panposirtbraeor
1220 3191 1312 3256 etiam

282 3296 448 3371 dicuntur,
475 3298 578 3384 etqui
596 3300 813 3362 ducentorum
833 3319 996 3362 annorum
1012 3300 1115 3364 vitam
1133 3296 1309 3379 adtingunt.

281 3397 354 3462 Vid.
365 3401 480 3462 Strabo
502 3414 555 3477 ¹5·
572 3422 604 3482 p.
617 3411 701 3479 483.
713 3401 732 3463 s.
745 3417 827 3476 702.
844 3415 876 3462 et
890 3399 969 3463 inde
979 3403 1118 3465 Eustath.
1130 3403 1172 3464 ad
1182 3390 1308 3473 Dionys

282 3521 311 3564 c.
332 3502 354 3562 l.
380 3499 431 3562 uti
453 3498 591 3564 omnino
612 3503 772 3583 longaeva
793 3497 862 3562 vita
882 3500 973 3565 Indis
989 3502 1184 3567 adscribitur
1200 3521 1217 3562 a
1232 3499 1307 3560 Stra·

280 3603 368 3664 bone
390 3604 500 3684 paullo
522 3614 613 3674 ante,
641 3599 773 3664 Seribus
797 3617 908 3664 autern
926 3602 1118 3700 longissima.
1161 3601 1213 3668 Cf.
1237 3609 1307 3660 nott

280 3700 435 3787 superior.

444 3903 475 3984 9.
507 3921 537 3967 a.
590 3901 742 3988 India)
791 3901 848 3969 sic
869 3921 901 3968 et
921 3904 1049 3970 Graeci.
1085 3904 1206 3971 Incolis
1228 3899 1303 3964 Hin-

281 3999 396 4095 doslan
413 4003 652 4098 [Hindrfiam
678 4003 774 4068 nobis
796 4007 927 4080 Indien,
955 4009 1044 4092 quod
1066 4029 1189 4072 nomen
1214 4003 1302 4106 vulgis

231 4183 232 4186 Ἴ
280 4101 359 4165 asl.
386 4103 469 4166 Indo
498 4105 665 4178 derivant,
697 4104 917 4171 renitentibus
946 4125 1056 4172 tamen
1087 4109 1177 4183 aliis,
1208 4106 1301 4168 velun
