2650 4896
118 381 318 442 turone.
344 381 452 438 utar.
493 373 608 438 Lm.
650 379 784 444 evm.
825 383 905 460 04.
966 399 1030 464 aot

27 559 132 624 surium
148 557 184 619 ad
206 557 338 620 Oroatin
358 554 393 621 ll.
419 575 487 639 quo
510 555 667 618 dividitur
688 555 727 616 ab
748 557 927 637 Elymaide.
977 563 1026 626 lta

27 679 98 744 patro
110 655 287 722 ditorimine
304 659 484 721 Marcianus
499 677 527 721 c.
544 660 565 722 l.
587 672 620 720 et
636 655 841 724 Ptolemaeus
855 661 889 732 6,
906 671 942 741 4.
969 662 1022 728 Cs.

27 765 96 824 etiam
110 775 222 843 praeter
237 763 333 834 aliea,
358 760 473 824 Strabo
494 771 550 837 15.
569 777 604 842 p.'
616 773 701 837 500.
718 759 738 823 s.
755 776 839 837 707.
862 765 920 844 qni
941 764 1023 830 0000
1097 767 1103 780 ’

25 863 193 925 Eratoshene
213 863 448 946 longitudinem
471 859 546 922 facit
568 863 603 921 in
627 860 887 944 septemtrionem
910 877 943 928 et
964 867 1023 932 Ca·

24 963 79 1046 [pin
89 979 181 1046 portat
196 975 292 1042 8000
309 963 492 1033 stadiorum.
513 964 714 1027 latitudinem
730 985 748 1025 a
762 965 846 1028 Sosia
862 969 900 1028 00
915 965 1021 1032 Perse·

24 1068 87 1147 polin
100 1077 202 1144 4000,
225 1079 257 1128 et
277 1065 353 1128 inde
373 1068 412 1127 ad
426 1066 611 1129 Carmaniae
632 1066 712 1127 stnea
734 1067 839 1130 tb'oo.
891 1069 1022 1134 Marcia·

23 1187 64 1228 uua
77 1167 132 1230 ni
151 1169 351 1229 latitudinem
377 1165 450 1229 satit
471 1179 570 1246 4000
599 1165 787 1238 stadiorum,
822 1170 1022 1254 totidemque

23 1267 238 1354 longitudinem,
264 1289 383 1351 nempe
403 1271 478 1350 quia
499 1270 532 1329 in
554 1270 699 1330 terminio
715 1270 909 1352 diacrepant.
938 1295 1021 1354 quoe

23 1367 104 1433 Strabo
123 1386 301 1452 promovet.
337 1371 516 1432 Maritimae
531 1388 603 1433 orae
618 1367 712 1453 spatia
729 1370 841 1432 definit
858 1375 1018 1440 ammian.

22 1486 63 1549 07,
76 1473 103 1536 6.
129 1473 274 1536 Cinctum
290 1469 380 1534 fuisse
392 1486 492 1536 totam
508 1472 675 1534 montibua
689 1473 759 1534 altia
774 1471 871 1536 refert
885 1475 1019 1554 Dionys.

21 1592 43 1633 r.
55 1575 138 1652 1065.
160 1573 254 1656 ipsam
277 1569 397 1660 ὀρεινὴν
412 1567 529 1660 χώραν
542 1573 723 1655 Xenophon
740 1573 860 1656 Cyrop.
885 1596 913 1646 r,
933 1591 965 1657 3,
984 1593 1019 1658 3.

21 1675 180 1736 niustriam
194 1668 398 1764 τραχύτητα
416 1689 537 1759 praeter
554 1675 655 1756 ipsnm
673 1696 700 1738 c.
721 1676 743 1738 l.
767 1691 799 1750 7,
816 1689 848 1754 5,
866 1679 926 1752 67,
953 1701 1019 1742 mn.

19 1791 113 1836 uonnt
128 1778 310 1840 Herodotus
332 1801 359 1844 r.
377 1791 436 1852 7ι.
454 1797 488 1858 9.
506 1778 564 1839 ult.
591 1777 682 1838 Plato
696 1778 736 1838 de
751 1777 875 1860 legibue
890 1793 923 1856 3.
946 1800 1017 1866 pag.

24 1887 80 1956 143.
93 1879 215 1961 Bipont.
236 1878 282 1962 (s.
301 1900 331 1959 p.
344 1875 450 1962 695.)
478 1880 628 1941 Arrianus
640 1881 680 1940 de
693 1883 805 1960 exped.
821 1881 909 1942 Alex.
929 1893 962 1957 5,
978 1893 1015 1962 4.

20 1973 179 2042 Hiueetiam
195 1983 235 2042 de
250 1979 347 2063 prisca
360 1980 524 2042 Persarum
544 1981 659 2062 inopia,
683 1981 824 2042 tenuiori
845 1984 942 2051 victu,
967 1983 1020 2045 ha·

20 2075 69 2140 bitu
86 2083 195 2154 viliori,
225 2080 411 2168 frugalitate
427 2095 459 2146 et
476 2079 658 2165 disciplinae
680 2081 843 2144 severitate
861 2085 962 2144 multa
985 2087 1020 2146 iu

19 2183 163 2246 auctoribue
183 2197 496 2255 commemorantur,
529 2203 609 2266 quae
632 2183 761 2265 quidem
778 2185 853 2244 inde
873 2205 890 2246 a
907 2185 1021 2249 Medo·

9 2299 70 2342 runt
88 2285 313 2348 consociatione
332 2287 564 2370 degenerarunt
584 2289 683 2369 magia
698 2289 863 2369 magisque
883 2288 917 2347 in
938 2288 1020 2348 mol·

18 2378 130 2448 lffinam
151 2387 328 2460 luxuriam;
366 2389 406 2449 de
427 2387 543 2471 quibua
566 2387 744 2471 singulatim
766 2406 926 2468 exponere
949 2409 1020 2470 pro·

17 2481 91 2548 lixum
109 2487 165 2560 ess,
200 2509 277 2552 oum
304 2487 345 2550 sat
367 2490 461 2552 multi
485 2487 605 2552 exstent
630 2488 721 2559 libri,
755 2491 809 2569 qui
831 2489 900 2550 data
924 2509 1019 2572 opera

18 2581 146 2652 lasarum
164 2610 214 2654 rea
236 2584 457 2662 inlustratum,
487 2592 536 2653 uti
564 2593 657 2654 docet
681 2589 828 2652 Meuselii
852 2591 928 2654 bibl.
947 2591 1019 2656 bisi.

17 2686 109 2754 lolt.
128 2693 163 2757 P.
181 2709 215 2757 0.
269 2693 381 2756 Paucia
414 2693 512 2776 igitur
551 2694 743 2774 complectar
775 2691 887 2754 Persici
916 2695 1018 2777 regni,

16 2791 79 2867 quod
102 2795 248 2875 plurimae
275 2809 386 2878 gentee
412 2796 587 2863 continuit,
614 2793 786 2862 summam.
821 2794 925 2856 verbio
948 2793 1020 2856 usua

15 2894 123 2956 marine
137 2898 297 2958 Ammian.
316 2911 373 2975 23.
390 2899 423 2959 6.
448 2897 522 2957 Hoc
540 2915 667 2976 regnum
682 2895 842 2976 qnondam
862 2896 1019 2975 exignum,

15 3009 66 3052 cta
82 2997 161 3075 apud
182 2995 355 3080 Babylona
377 3019 525 3078 magnum
549 2995 764 3058 Alexandrum
780 2986 869 3082 fata
896 2987 1021 3085 raptus·

11 3081 75 3177 sext.
88 3097 314 3160 innocentulam
324 3100 437 3160 Partiri
451 3091 594 3188 couceffit
610 3088 750 3187 Arsacis,
771 3085 898 3187 obscure
909 3098 1019 3176 garriti.

16 3191 158 3262 Hactenus.
198 3201 275 3263 1³0st
297 3201 398 3264 vetuti
424 3191 619 3282 postliminio
652 3195 814 3260 Persarum
846 3194 1021 3278 imperium

14 3293 162 3363 restitutum
178 3303 223 3365 esl
237 3302 276 3364 ab
292 3303 476 3370 Artaxerxe.
502 3301 670 3364 Alexandri
687 3299 797 3362 Severi
813 3297 1022 3380 temporibue.

15 3397 50 3454 uli
62 3397 145 3464 refert
162 3405 305 3467 Zolimua
327 3425 354 3474 r,
377 3415 428 3480 ¹8·
457 3403 660 3464 Herodianue
676 3403 708 3472 6.
726 3417 760 3464 tt.
780 3401 905 3481 aliique.
952 3400 1021 3461 Sub

14 3493 178 3566 Parthorum
198 3521 307 3567 tamen
324 3505 419 3566 etiam
441 3506 577 3588 imperio
593 3503 663 3565 suoa
680 3523 769 3586 reget
786 3503 896 3562 habuit
912 3500 1022 3571 Persta.

13 3600 189 3684 quiquidem
206 3611 340 3668 nomine
358 3609 472 3690 magia.
502 3627 595 3688 qnam
609 3609 751 3688 potentia
772 3617 877 3674 eraut,
903 3617 935 3664 et
952 3593 1023 3663 Par·

13 3697 119 3766 thorum
133 3709 262 3771 arbitrio
278 3709 421 3770 obnoxii.
463 3709 534 3772 Vid.
550 3707 664 3771 Strabo
681 3719 733 3784 ¹5·
752 3727 783 3787 p.
798 3718 844 3782 50
856 3725 882 3767 t.
899 3703 919 3766 s.
936 3714 1021 3781 708.

13 3801 55 3879 qui
79 3807 114 3869 tle
142 3807 193 3871 sua
222 3826 322 3872 aetate
357 3811 391 3870 id
418 3811 572 3872 urlsirntat.
638 3807 784 3872 Omnino
811 3807 1024 3888 Satrapiarum

13 3907 137 3970 omnium
150 3913 328 3974 rectoribue
343 3911 429 3972 hunc
444 3909 575 3973 honoria
590 3911 719 3972 titulum
730 3907 919 3974 Parthorum
934 3925 1023 3991 reget
1123 3955 1130 3964 ,

13 4007 184 4083 00001000,
216 4027 252 4074 ut
272 4012 398 4075 meliori
422 4013 488 4075 iure
512 4011 570 4096 ipsr
593 4032 677 4092 reges
698 4031 802 4092 regum
825 4023 1024 4079 vocarentur,

14 4113 161 4174 contendit
185 4128 218 4175 et
242 4115 356 4176 docete
376 4114 489 4175 nititur
513 4114 671 4178 Dodwett.
696 4114 730 4176 in
753 4111 820 4176 diss.
842 4111 883 4174 de
904 4109 1027 4174 isidoro

52 4223 137 4302 Pomp·
153 4227 242 4284 Mela.
266 4231 379 4304 Exeget.
398 4229 435 4287 L.
449 4231 499 4283 sss.
740 4215 768 4276 v
