2746 4894
158 419 223 478 na
258 419 534 480 romanat.
574 421 684 480 utu.
726 424 833 482 ctx.
874 424 901 494 t·
926 437 956 492 a·
1024 437 1086 501 am

98 593 468 676 commeatum)
518 595 636 658 Hanno
658 597 692 656 in
713 597 835 678 periplo
853 594 874 660 f.
898 595 964 659 coia
988 592 1086 659 ciana

20 685 104 784 ἣμᾶς
126 689 375 760 ἐπιλιπόντων.
415 697 453 758 In
471 695 559 760 huuc
576 695 700 761 tentum
717 713 825 760 autem
844 697 957 760 Strabo
975 698 1032 760 lib.
1053 717 1084 761 ι.

19 817 89 881 pag.
109 807 150 876 4.
170 795 196 860 i.
217 811 259 876 5.
283 797 324 859 de
344 798 520 860 circumflui
537 797 657 874 Oceani
674 800 896 882 navigatione:
924 789 987 862 ὑπὸ
1005 795 1085 862 ‹irro-

24 895 90 987 ρίας
112 919 147 962 κ.
171 894 331 990 ἐρημίας,
367 889 459 964 οὐδὲν
483 885 584 990 ἧττον
606 923 639 964 τ.
662 895 839 990 θαλάττης
861 892 1003 990 ἐχούσης
1024 894 1083 964 ria

21 1019 134 1089 aanor.

95 1202 316 1268 Eudoxus
325 1206 344 1290 )
388 1203 465 1269 Nou
482 1203 637 1269 confundi
654 1205 749 1268 debet
766 1225 838 1268 cum
854 1207 915 1267 alio
932 1205 1081 1276 Eudoxo,

23 1303 172 1369 Platoni·
188 1309 320 1378 amico,
346 1327 421 1368 cum
442 1327 508 1391 quo
530 1309 563 1370 iu
579 1307 723 1392 Aegypto
743 1307 880 1370 versatur
895 1319 971 1370 arat.
1008 1307 1081 1370 Vid.

24 1405 137 1470 Strabo
163 1425 230 1483 17.
256 1429 288 1492 p.
305 1417 389 1488 554.
407 1407 428 1470 i.
447 1409 532 1486 806.
565 1411 651 1471 uude
670 1411 768 1470 multa
786 1411 825 1472 tie
847 1429 887 1470 eo
908 1409 991 1490 apud
1008 1409 1081 1468 Plu·

28 1509 178 1570 tarchum
203 1511 348 1573 aloitide
373 1511 605 1573 immiscentur.
659 1513 716 1573 lile
739 1510 798 1573 fuit
820 1511 915 1572 etiam
934 1510 1080 1582 Cnidius,

26 1608 76 1670 hic
99 1612 218 1674 noster
246 1611 443 1692 Cyzicenus,
476 1625 512 1674 ut
533 1609 647 1674 diserte
663 1613 776 1676 Strabo
795 1628 826 1676 a.
849 1634 881 1695 p.
902 1613 960 1685 67.
985 1609 1005 1674 s.
1020 1619 1081 1690 98.

30 1711 82 1772 ubi
105 1713 191 1774 haec
214 1714 287 1776 eiua
309 1715 471 1798 navigatio
491 1715 614 1796 prolixe
636 1730 916 1778 commemoratur.
956 1713 1080 1776 Pliniue

30 1827 60 1884 a,
82 1815 146 1890 67.
174 1813 198 1877 s.
220 1813 282 1880 66.
304 1817 421 1878 iietietu
444 1813 509 1878 fere
529 1815 635 1880 verbis
657 1817 774 1878 utelam
797 1816 954 1878 reddidit:
984 1815 1080 1874 Prae

32 1926 112 1976 terea
136 1915 312 1978 Cornelius
324 1916 436 1997 Nepos
452 1929 565 1979 auctor·
581 1915 636 2011 fir
657 1917 828 1980 Eudoxum
846 1915 1001 2000 quendam
1035 1934 1080 1976 ua

31 2027 146 2088 atate,
157 2039 236 2078 cum
248 2017 426 2080 Laeuinum
436 2039 535 2100 regem
542 2010 685 2109 fugeret,
696 2017 831 2080 Arabico
835 2014 914 2108 finu
929 1905 1079 2105 egrfflum

35 2115 140 2180 Gades
161 2140 267 2203 usque
283 2134 474 2200 pervectum.
515 2119 662 2181 Martiam.
682 2120 806 2202 Capella
823 2121 878 2181 lib.
896 2120 929 2182 6.
943 2138 976 2201 p.
994 2134 1079 2180 aut.

35 2217 169 2300 (Grot.)
204 2220 372 2286 Camelitas
396 2235 518 2291 auctor,
544 2221 711 2306 (gloffema
736 2234 828 2303 putat
854 2221 936 2282 hanc
962 2237 1104 2295 vocum¹

36 2318 188 2392 Grotiua,
218 2341 314 2405 quam
331 2342 433 2384 nexua
449 2335 554 2384 tamen
574 2323 710 2406 flagitat)
734 2321 890 2406 quendam
906 2307 1079 2382 Eudoxum

31 2409 215 2508 fugientem
239 2424 319 2504 regis
347 2420 483 2515 iustdt'os
511 2445 550 2486 ex
571 2423 692 2486 Arabio
719 2426 751 2484 t'n
779 2422 945 2484 Gaditano
975 2441 1079 2498 perue-

37 2513 108 2610 niffe
130 2517 276 2615 resngin.
331 2524 443 2608 Neque
461 2540 567 2588 tamen
591 2526 708 2588 Hanno
725 2539 757 2588 et
773 2525 926 2587 Eudoxue
942 2520 1078 2584 Africam

40 2619 90 2684 toti
106 2639 138 2686 et
155 2628 257 2710 primi
275 2627 584 2712 circumnavigaruut
600 2629 689 2698 oiim,
716 2647 790 2688 curu
810 2627 850 2688 de
863 2623 1080 2688 Phoenicibua

39 2735 68 2784 et
89 2727 286 2791 iudaeorum
313 2729 441 2812 regibus
463 2728 669 2811 quibucdam‚
701 2730 733 2790 in
760 2729 871 2810 primia
895 2727 1082 2798 Salomone,

41 2823 306 2918 idemaeferatur.
337 2827 543 2894 tutemet
557 2829 597 2891 ati
611 2831 802 2894 Strabonem
819 2829 890 2892 Vol.
905 2848 933 2890 t.
950 2847 980 2908 p.
993 2843 1078 2903 272.

41 2939 71 2986 et
91 2933 263 3014 praecipue
280 2929 398 2994 Gesner
420 2935 455 2994 in
479 2933 579 2994 doctis
599 2931 863 3014 praelectionibua
878 2929 918 2992 de
941 2927 1079 2991 Phoeni·

44 3045 112 3090 turn
135 3048 227 3096 extra
255 3033 422 3096 columnae
447 3033 591 3094 Herculia
618 3031 892 3118 navigationibus,
925 3049 1004 3110 quae
1027 3031 1080 3093 ad·

42 3145 135 3194 nexae
155 3134 232 3196 funt
252 3135 392 3216 Orpheo.
453 3135 549 3196 Extra
572 3135 805 3196 dubitationem
828 3150 940 3192 verum
962 3130 1021 3200 est,
1056 3129 1076 3190 fi
1181 3215 1183 3223 Α

44 3228 256 3324 Etziongeber
272 3235 347 3300 urba
368 3235 428 3298 fuit
454 3238 487 3298 in
504 3255 558 3298 ora
576 3236 658 3298 senne
678 3235 816 3304 Arabici,
849 3233 933 3315 quoti
960 3247 1078 3303 tamen,

45 3332 94 3392 etii
114 3331 149 3398 iu
170 3339 231 3416 sstu
252 3337 430 3422 diacrepant
444 3337 583 3419 quidam,
610 3338 690 3399 clare
712 3338 815 3399 elucet
832 3355 871 3396 ex
896 3333 977 3396 libro
997 3333 1077 3418 Reg.

51 3449 78 3506 ¹,
94 3454 128 3516 9.
145 3441 205 3504 26.
246 3439 341 3500 Plura
358 3441 411 3501 dat
427 3439 601 3501 Bocbartue
617 3440 650 3500 in
672 3437 820 3500 Chanaan
843 3458 871 3504 ι.
887 3447 946 3514 44.
990 3435 1078 3494 Tum

46 3551 115 3600 veru
131 3537 307 3612 Tarteffua,
337 3541 423 3624 quoti
448 3553 571 3604 tantum
595 3562 661 3604 uun
686 3559 800 3602 omnes
822 3527 955 3606 W'ii‘i
979 3553 999 3600 a
1021 3535 1077 3596 Pa·

48 3637 127 3722 ralip,
146 3657 206 3716 uo,
226 3639 283 3722 36.
306 3643 464 3714 iudicant,
490 3641 570 3716 adiri
592 3661 659 3706 non
682 3641 799 3725 poteii,
826 3640 882 3702 niu
898 3653 962 3698 tota
979 3633 1080 3700 Africa

50 3739 345 3829 circumnavigetur.
398 3744 441 3806 Et
464 3742 502 3806 stu
525 3757 608 3807 recte
632 3744 727 3806 etiam
751 3757 783 3804 et
805 3741 976 3804 commode
999 3740 1081 3798 intra

54 3851 184 3918 3anuoe
201 3865 240 3908 ex
258 3845 344 3908 rubri
360 3847 454 3908 maria
468 3859 577 3928 portu,
598 3842 736 3924 superata
751 3833 861 3914 Africa,
885 3843 989 3919 Tyrus
1005 3841 1080 3922 peti,

52 3945 175 4010 atinde
198 3945 305 4010 cursua
327 3948 423 4031 relegi
446 3947 559 4028 potest.
611 3945 662 4008 cf.
687 3967 699 4006 ι
720 3947 800 4030 Reg.
825 3965 876 4012 to,
894 3958 953 4004 aa.
984 3941 1082 4004 uPa·

54 4041 133 4130 “lip-
149 4066 184 4130 9.
200 4066 260 4115 ut.
297 4051 460 4130 Vid.quae
474 4049 614 4134 dieputat
629 4048 658 4109 le
669 4047 776 4126 Grand
790 4047 830 4109 ad
849 4043 941 4108 Lobo
961 4061 1083 4130 voyage
