2696 4896
279 431 339 504 ιιι
545 421 707 483 raom
746 423 1046 484 exrcurrcrr

275 599 426 678 idemque
455 609 488 658 et
517 595 741 682 Snalreobnrg.
769 600 803 660 iu
826 597 932 661 indice
954 601 999 660 in.
1050 600 1102 662 Sic
1127 598 1261 678 Aparni
1291 607 1333 660 et

275 702 393 769 Parni.
419 697 500 764 illud
516 699 598 780 apud
614 698 762 762 strabon.
784 719 838 760 rr.
862 719 931 784 pag.
952 711 1035 779 559.
1050 699 1070 764 s.
1086 713 1168 778 5¹¹·
1197 701 1266 762 hoc
1288 701 1330 760 iu

274 801 461 864 Ptolemaeo
479 801 513 870 6,
533 819 589 862 ιο.
640 800 713 862 Hoc
727 813 810 862 emat
829 801 950 873 Strabo.
976 803 1054 862 illud
1075 801 1170 862 habet
1186 801 1329 862 Dioclo·

273 922 346 972 rue.
371 900 558 978 Dionysium
586 913 755 982 utrumque
771 899 906 967 Pliniue.
955 905 1008 965 Sic
1023 917 1157 984 utroque
1173 905 1324 963 nomine

274 1004 453 1081 Hyrcaniae
475 1001 603 1071 tribuit,
636 1004 689 1063 vel
710 1003 834 1064 vicinos
858 1000 932 1063 lacit
951 1001 1148 1086 Stephanae.
1180 1018 1213 1064 et
1234 1003 1326 1064 licet

274 1107 361 1166 idem
376 1105 440 1165 srne
457 1125 477 1164 ιι
493 1103 619 1166 Mardos
634 1102 734 1174 scribi.
756 1105 810 1184 qui
827 1101 943 1164 suntin
960 1105 1094 1174 Perside.
1117 1116 1211 1165 notet
1232 1102 1254 1165 s.
1280 1123 1326 1177 η.

272 1201 446 1294 'rlpuploi⁹
473 1205 520 1264 uti
543 1219 575 1264 et
592 1205 647 1265 hic
662 1207 808 1266 nominat
822 1205 944 1266 Plinius
960 1207 993 1276 6,
1010 1221 1067 1284 3¹·
1087 1204 1107 1266 s.
1124 1221 1180 1278 97.
1202 1207 1322 1268 Amar-

275 1307 333 1369 ἀοι
352 1322 455 1368 tamen
474 1305 603 1366 eosrlenr
620 1303 680 1366 else
696 1307 774 1366 dicit
789 1307 901 1368 Strabo
917 1327 944 1368 c.
961 1309 982 1370 l.
1017 1308 1186 1368 Ponuntur
1201 1322 1320 1366 aurem

275 1407 379 1468 Manli
402 1408 455 1469 vel
475 1409 602 1468 Amardi
631 1404 664 1486 ι)
685 1407 717 1466 in
741 1407 859 1469 Medio.
895 1409 948 1470 Sic
971 1405 1084 1468 diserte
1105 1409 1320 1470 Ptolemaeue

275 1505 308 1580 6,
325 1525 359 1572 9.
384 1523 426 1580 et.
451 1510 538 1590 quod
552 1527 591 1569 ex
606 1503 684 1568 serie
697 1509 891 1588 populorum
910 1522 943 1568 et
958 1509 1015 1568 litu
1029 1511 1166 1590 adparet.
1192 1509 1318 1571 Strabo

279 1631 335 1674 ιι.
359 1629 430 1694 pag.
449 1623 522 1690 349
537 1605 580 1688 sq.
603 1606 624 1668 s.
643 1621 713 1684 507
731 1607 772 1690 sq.
816 1607 951 1688 Dionys.
975 1631 1007 1673 v.
1031 1625 1115 1686 759.
1140 1622 1171 1672 et
1202 1629 1242 1670 ex
1268 1627 1316 1670 eo

271 1709 422 1778 Priscian.
444 1730 475 1772 v.
494 1719 579 1792 942.
607 1722 641 1774 et
664 1711 777 1772 Avien.
802 1724 962 1788 v.1ot5.
1002 1712 1136 1772 Diodor.
1164 1727 1221 1784 17.
1247 1713 1315 1784 76.

273 1815 395 1876 rlrrien.
414 1813 453 1873 de
471 1833 541 1894 exp.
559 1812 647 1874 Alex.
664 1824 696 1887 5,
716 1826 773 1888 94.
790 1807 835 1872 in.
861 1811 945 1875 Plin.
960 1815 993 1883 6.
1015 1827 1068 1889 ι5.
1086 1810 1105 1874 s.
1129 1827 1182 1890 15.
1211 1811 1315 1874 Curt-

273 1915 306 1986 6.
322 1925 357 1994 4,
379 1934 435 1976 ιι.
457 1947 508 1960 -
539 1911 717 1994 Stephanue
733 1911 789 1972 sub
812 1925 946 1994 utroque
970 1917 1101 1974 nomine
1119 1915 1169 1974 vel
1188 1913 1314 1990 Hyrca·

270 2017 343 2078 niae
365 2016 509 2076 vicinum
533 2013 608 2075 facit
628 2014 800 2094 populum.
832 2015 885 2076 vel
907 2013 961 2096 ipsr
984 1995 1156 2092 Hyrcaniae
1181 2013 1311 2084 nibuir.

162 2185 169 2202 Ι
272 2115 322 2178 sed
355 2127 408 2184 ut,
442 2115 597 2194 adquam
629 2129 750 2194 partem
776 2111 906 2185 reserat.
943 2117 1119 2199 ignoretur.
1176 2115 1312 2196 Nempe

272 2213 311 2299 9)
332 2217 385 2276 alii
409 2236 483 2276 cum
502 2214 605 2299 npslro
625 2216 658 2274 in
678 2215 836 2298 Margiane
853 2231 995 2298 ponunt.
1022 2221 1068 2277 uti
1092 2220 1171 2279 Plin.
1191 2218 1224 2286 6,
1250 2228 1311 2293 ιδ.

271 2316 294 2380 s.
320 2318 374 2380 ι6.
401 2320 456 2397 qui
476 2319 607 2399 porrigit
620 2316 659 2377 ed
676 2315 804 2379 Bactros
817 2338 931 2398 utque.
959 2332 991 2379 et
1008 2319 1040 2386 6.
1064 2338 1116 2398 ¹9·
1133 2319 1151 2380 s.
1169 2333 1223 2390 17.
1247 2317 1310 2376 ubi

271 2421 368 2482 etiarn
391 2438 464 2477 curn
487 2419 615 2480 Paesrcis
637 2419 814 2500 coniungit.
868 2421 961 2480 Forte
984 2419 1054 2479 sunt
1070 2421 1246 2482 Ptolemaei
1271 2420 1308 2490 6.

276 2535 332 2582 12.
358 2520 524 2598 Mtrlyeni
544 2520 577 2580 in
595 2519 763 2600 Sogdiana.
791 2519 842 2577 ubi
858 2521 952 2578 eriam
972 2521 1063 2582 habet
1078 2512 1217 2610 Perseos
1233 2522 1253 2580 i.
1275 2539 1308 2582 e.

269 2617 429 2722 Poefieas.
467 2621 503 2680 lu
526 2619 686 2703 Margiana
706 2619 744 2680 ab
765 2620 942 2683 Alexandro
960 2621 1005 2684 M.
1029 2625 1103 2682 victi
1126 2633 1306 2688 narrantur.

270 2721 343 2784 Vid.
358 2721 497 2800 Beyerua
512 2721 552 2782 cle
568 2741 656 2803 regn.
668 2719 823 2782 Bactrian.
843 2742 874 2802 p.
888 2737 942 2784 ι9.
978 2723 1012 2800 3)
1035 2725 1067 2783 in
1084 2723 1220 2790 Perfide.
1247 2721 1316 2784 vel-

269 2823 340 2885 elue
362 2824 496 2892 vicinia.
528 2825 562 2882 in
583 2821 750 2902 Elymaide
774 2826 912 2882 maxime
940 2824 1052 2884 Strabo
1075 2843 1128 2886 ιι.
1158 2845 1190 2906 p.
1214 2823 1306 2902 560.

268 2919 394 3003 [595.
422 2939 454 2985 et
479 2923 607 3005 pollex
637 2923 780 2984 Nearcho
806 2924 925 2986 Arrian.
952 2925 984 2984 in
1018 2926 1133 2984 Indicio
1157 2943 1222 3003 cap.
1238 2933 1306 3000 4ο.

267 3024 353 3088 Plin.
370 3027 403 3094 6.
423 3039 480 3104 5ι.
497 3023 516 3086 s.
536 3039 594 3099 97.
647 3025 699 3084 Sic
717 3025 901 3085 Herodotus
924 3045 952 3094 ι,
974 3039 1053 3101 ι95.
1076 3025 1203 3086 Persrcie
1224 3043 1306 3108 gen·

269 3125 357 3188 tibur
371 3127 575 3200 adnumerat.
602 3125 721 3206 quippe
740 3125 794 3206 qul
810 3123 969 3186 Persarum
986 3127 1112 3210 regibus
1128 3140 1215 3188 erant
1229 3125 1305 3185 sub·

268 3228 358 3301 iecti3
384 3226 517 3309 (Strabo
538 3245 592 3288 ιι.
608 3245 639 3305 p.
656 3226 738 3303 56ι.
756 3224 778 3288 s.
798 3237 881 3304 594.
892 3224 909 3306 )1
938 3226 1005 3308 post
1026 3227 1140 3289 domiti
1162 3224 1234 3287 sunt
1258 3226 1302 3288 ab

269 3327 356 3392 Abx.
373 3327 421 3390 M.
443 3328 550 3408 (idem
564 3345 591 3388 c.
609 3326 651 3403 l.)
688 3323 727 3408 4)
751 3329 783 3386 in
801 3327 946 3386 Armenia
962 3327 1073 3389 Strabo
1091 3346 1146 3391 tt.
1163 3347 1194 3409 p.
1213 3329 1301 3406 560.

269 3425 292 3491 s.
312 3441 396 3508 595.
420 3429 557 3490 Ptolem.
575 3440 607 3504 5.
628 3439 683 3501 13.
726 3424 762 3506 5)
778 3427 810 3486 in
829 3427 984 3488 Colchide
999 3431 1080 3492 Plin.
1097 3430 1130 3498 6.
1147 3441 1179 3506 5.
1214 3429 1302 3490 Gen·

268 3541 333 3590 tem
360 3531 495 3592 omnino
520 3527 618 3592 feram
651 3527 729 3586 dicit
756 3527 839 3590 Plin.
864 3528 896 3594 6.
925 3539 977 3605 18.
1001 3528 1021 3592 s.
1046 3532 1098 3593 ι6.
1124 3525 1301 3616 λῃστρικὴν

266 3629 378 3692 Strabo
399 3651 452 3693 rr.
469 3651 502 3718 p.
515 3631 597 3708 560.
615 3626 635 3689 s.
646 3639 729 3704 595.
747 3621 837 3702 ἔθνος
851 3625 1119 3716 πολυάνθρωπον,
1136 3629 1299 3716 τραχεῖαν

266 3729 326 3813 pspr
355 3726 583 3806 ἐποικοῦντας,
625 3723 785 3802 &aleremur
815 3719 869 3789 καὶ
910 3727 1048 3816 ιιὲιιιτιις
1080 3731 1190 3810 Suirlae
1214 3729 1236 3794 l.
1264 3751 1296 3790 v.

266 3825 407 3916 Μάρδοι.
460 3832 589 3895 Nollroe
603 3830 756 3894 Amardor
777 3828 820 3888 sui
844 3831 920 3892 iuris
944 3829 1042 3901 spille,
1069 3830 1175 3893 desua
1196 3845 1296 3894 aetate

265 3933 408 3994 adfirmat
430 3933 513 3995 Plin.
534 3935 566 4003 6,
588 3945 641 4010 18.
667 3929 687 3992 l'.
709 3932 763 3994 ro.
783 3946 786 3954 ’
807 3930 879 3993 Vid.
905 3933 1072 4014 Duperron
1102 3933 1148 3992 sur
1170 3934 1215 4000 lea
1240 3936 1297 3994 mi·

264 4034 404 4118 grations
430 4035 486 4096 dee
512 4035 639 4097 Menses
670 4035 704 4092 in
734 4031 910 4100 Memoirea
929 4067 981 4080 -
1006 4037 1045 4096 rle
1068 4037 1154 4096 Paris
1179 4035 1219 4096 T.
1238 4047 1295 4114 55.

263 4153 295 4216 p.
313 4143 359 4212 87
376 4133 440 4217 sqq.
466 4135 520 4198 ubi
537 4137 658 4220 prolixe
678 4135 718 4196 de
734 4133 796 4195 hoc
811 4135 941 4216 populo,
962 4137 1031 4198 elue
1051 4135 1175 4201 sedibua
1195 4170 1246 4184 -
