<?xml version="1.0" encoding="UTF-8"?>
<!DOCTYPE html PUBLIC "-//W3C//DTD XHTML 1.0 Transitional//EN"
    "http://www.w3.org/TR/xhtml1/DTD/xhtml1-transitional.dtd">
<html xmlns="http://www.w3.org/1999/xhtml" xml:lang="en" lang="en">
 <head>
  <title>
</title>
<meta http-equiv="Content-Type" content="text/html;charset=utf-8" />
  <meta name='ocr-system' content='tesseract 3.04.00' />
  <meta name='ocr-capabilities' content='ocr_page ocr_carea ocr_par ocr_line ocrx_word'/>
</head>
<body>
  <div class='ocr_page' id='page_1' title='image "./pomponiimelaede03melagoog_0191.png"; bbox 0 0 2696 4896; ppageno 0'>
   <div class='ocr_carea' id='block_1_1' title="bbox 148 403 1041 486">
    <p class='ocr_par' dir='ltr' id='par_1_1' title="bbox 148 403 1041 486">
     <span class='ocr_line' id='line_1_1' title="bbox 148 403 1041 486; baseline 0.004 -20"><span class='ocrx_word' id='word_1_1' title='bbox 148 409 193 469; x_wconf 80' lang='lat' dir='ltr'><strong>nt</strong></span> <span class='ocrx_word' id='word_1_2' title='bbox 218 407 349 468; x_wconf 74' lang='lat' dir='ltr'><strong>rouo.</strong></span> <span class='ocrx_word' id='word_1_3' title='bbox 377 403 487 464; x_wconf 82' lang='lat' dir='ltr'><strong>nar.</strong></span> <span class='ocrx_word' id='word_1_4' title='bbox 527 405 636 462; x_wconf 76' lang='lat' dir='ltr'><strong>nm.</strong></span> <span class='ocrx_word' id='word_1_5' title='bbox 679 405 785 470; x_wconf 87' lang='lat' dir='ltr'><strong>cvr.</strong></span> <span class='ocrx_word' id='word_1_6' title='bbox 826 406 905 480; x_wconf 55' lang='lat' dir='ltr'><strong>tn.</strong></span> <span class='ocrx_word' id='word_1_7' title='bbox 975 419 1041 486; x_wconf 62' lang='lat'><strong>135</strong></span> 
     </span>
    </p>
   </div>
   <div class='ocr_carea' id='block_1_2' title="bbox 17 575 1046 1072">
    <p class='ocr_par' dir='ltr' id='par_1_2' title="bbox 17 575 1046 1072">
     <span class='ocr_line' id='line_1_2' title="bbox 34 575 1043 672; baseline 0 -26"><span class='ocrx_word' id='word_1_8' title='bbox 34 583 111 652; x_wconf 75' lang='lat' dir='ltr'><strong>luisse</strong></span> <span class='ocrx_word' id='word_1_9' title='bbox 126 577 273 653; x_wconf 88' lang='lat' dir='ltr'><strong>conficit,</strong></span> <span class='ocrx_word' id='word_1_10' title='bbox 299 578 390 664; x_wconf 86' lang='lat' dir='ltr'><strong>quod</strong></span> <span class='ocrx_word' id='word_1_11' title='bbox 408 578 510 642; x_wconf 79' lang='lat' dir='ltr'><strong>hodie</strong></span> <span class='ocrx_word' id='word_1_12' title='bbox 526 575 685 672; x_wconf 81' lang='lat' dir='ltr'><strong>stannum</strong></span> <span class='ocrx_word' id='word_1_13' title='bbox 709 593 855 646; x_wconf 85' lang='lat' dir='ltr'><strong>vocatur.</strong></span> <span class='ocrx_word' id='word_1_14' title='bbox 898 581 949 646; x_wconf 88' lang='lat' dir='ltr'><strong>Cs.</strong></span> <span class='ocrx_word' id='word_1_15' title='bbox 970 579 1043 646; x_wconf 84' lang='lat' dir='ltr'><strong>eius</strong></span> 
     </span>
     <span class='ocr_line' id='line_1_3' title="bbox 17 678 1043 766; baseline -0.007 -13"><span class='ocrx_word' id='word_1_16' title='bbox 17 681 205 752; x_wconf 73' lang='lat' dir='ltr'><strong>sescbichte</strong></span> <span class='ocrx_word' id='word_1_17' title='bbox 220 683 277 743; x_wconf 88' lang='lat' dir='ltr'><strong>der</strong></span> <span class='ocrx_word' id='word_1_18' title='bbox 290 678 485 763; x_wconf 84' lang='lat' dir='ltr'><strong>Ersmtlung.</strong></span> <span class='ocrx_word' id='word_1_19' title='bbox 506 681 542 742; x_wconf 88' lang='lat' dir='ltr'><strong>P.</strong></span> <span class='ocrx_word' id='word_1_20' title='bbox 563 695 595 756; x_wconf 83' lang='lat'><strong>3.</strong></span> <span class='ocrx_word' id='word_1_21' title='bbox 618 704 649 766; x_wconf 89' lang='lat' dir='ltr'><strong>p.</strong></span> <span class='ocrx_word' id='word_1_22' title='bbox 669 691 750 761; x_wconf 75' lang='lat'><strong>234.</strong></span> <span class='ocrx_word' id='word_1_23' title='bbox 785 683 915 746; x_wconf 87' lang='lat' dir='ltr'>Nomen</span> <span class='ocrx_word' id='word_1_24' title='bbox 933 699 1043 746; x_wconf 87' lang='lat' dir='ltr'><strong>tamen</strong></span> 
     </span>
     <span class='ocr_line' id='line_1_4' title="bbox 17 777 1046 870; baseline -0.004 -18"><span class='ocrx_word' id='word_1_25' title='bbox 17 813 18 870; x_wconf 64' lang='lat' dir='ltr'><strong><em>g</em></strong></span> <span class='ocrx_word' id='word_1_26' title='bbox 36 812 49 852; x_wconf 85' lang='lat' dir='ltr'><strong>a</strong></span> <span class='ocrx_word' id='word_1_27' title='bbox 64 788 161 849; x_wconf 69' lang='lat' dir='ltr'><strong>serino</strong></span> <span class='ocrx_word' id='word_1_28' title='bbox 180 779 304 844; x_wconf 83' lang='lat' dir='ltr'><strong>finxisse</strong></span> <span class='ocrx_word' id='word_1_29' title='bbox 321 779 477 844; x_wconf 88' lang='lat' dir='ltr'><strong>Ponticos</strong></span> <span class='ocrx_word' id='word_1_30' title='bbox 495 796 528 842; x_wconf 89' lang='lat' dir='ltr'><strong>et</strong></span> <span class='ocrx_word' id='word_1_31' title='bbox 545 777 635 844; x_wconf 75' lang='lat' dir='ltr'><strong>alios·</strong></span> <span class='ocrx_word' id='word_1_32' title='bbox 648 798 862 857; x_wconf 80' lang='lat' dir='ltr'><strong>mercatores,</strong></span> <span class='ocrx_word' id='word_1_33' title='bbox 887 783 944 869; x_wconf 91' lang='lat' dir='ltr'><strong>qui</strong></span> <span class='ocrx_word' id='word_1_34' title='bbox 965 786 1046 848; x_wconf 84' lang='lat' dir='ltr'><strong>slan-</strong></span> 
     </span>
     <span class='ocr_line' id='line_1_5' title="bbox 36 881 1045 971; baseline 0 -22"><span class='ocrx_word' id='word_1_35' title='bbox 36 910 97 954; x_wconf 87' lang='lat' dir='ltr'><strong>nmu</strong></span> <span class='ocrx_word' id='word_1_36' title='bbox 119 883 194 948; x_wconf 88' lang='lat' dir='ltr'><strong>inde</strong></span> <span class='ocrx_word' id='word_1_37' title='bbox 218 884 426 954; x_wconf 81' lang='lat' dir='ltr'><strong>adtulerunt,</strong></span> <span class='ocrx_word' id='word_1_38' title='bbox 461 903 538 944; x_wconf 92' lang='lat' dir='ltr'><strong>cum</strong></span> <span class='ocrx_word' id='word_1_39' title='bbox 565 897 648 946; x_wconf 88' lang='lat' dir='ltr'><strong>terra</strong></span> <span class='ocrx_word' id='word_1_40' title='bbox 669 881 838 968; x_wconf 87' lang='lat' dir='ltr'><strong>incognita</strong></span> <span class='ocrx_word' id='word_1_41' title='bbox 859 883 934 971; x_wconf 82' lang='lat' dir='ltr'><strong>ipsrs</strong></span> <span class='ocrx_word' id='word_1_42' title='bbox 958 888 1045 961; x_wconf 83' lang='lat' dir='ltr'><strong>esser,</strong></span> 
     </span>
     <span class='ocr_line' id='line_1_6' title="bbox 36 979 1044 1072; baseline -0.002 -18"><span class='ocrx_word' id='word_1_43' title='bbox 36 987 169 1054; x_wconf 65' lang='lat' dir='ltr'><strong>estimat</strong></span> <span class='ocrx_word' id='word_1_44' title='bbox 189 987 337 1066; x_wconf 83' lang='lat' dir='ltr'><strong>Bayerus</strong></span> <span class='ocrx_word' id='word_1_45' title='bbox 362 987 404 1046; x_wconf 83' lang='lat' dir='ltr'><strong>tle</strong></span> <span class='ocrx_word' id='word_1_46' title='bbox 426 979 568 1046; x_wconf 85' lang='lat' dir='ltr'><strong>Venedis</strong></span> <span class='ocrx_word' id='word_1_47' title='bbox 601 1001 634 1047; x_wconf 90' lang='lat' dir='ltr'><strong>et</strong></span> <span class='ocrx_word' id='word_1_48' title='bbox 664 983 808 1048; x_wconf 83' lang='lat' dir='ltr'>Eridano</span> <span class='ocrx_word' id='word_1_49' title='bbox 835 983 871 1048; x_wconf 93' lang='lat' dir='ltr'><strong>in</strong></span> <span class='ocrx_word' id='word_1_50' title='bbox 898 989 1044 1072; x_wconf 84' lang='lat' dir='ltr'><strong>opuscul.</strong></span> 
     </span>
    </p>
   </div>
   <div class='ocr_carea' id='block_1_3' title="bbox 17 1082 1062 4102">
    <p class='ocr_par' dir='ltr' id='par_1_3' title="bbox 17 1082 1062 4102">
     <span class='ocr_line' id='line_1_7' title="bbox 35 1082 1046 1177; baseline 0.002 -26"><span class='ocrx_word' id='word_1_51' title='bbox 35 1111 89 1177; x_wconf 82' lang='lat' dir='ltr'><strong>pag.</strong></span> <span class='ocrx_word' id='word_1_52' title='bbox 108 1099 185 1167; x_wconf 73' lang='lat'><strong>524.</strong></span> <span class='ocrx_word' id='word_1_53' title='bbox 236 1088 280 1149; x_wconf 82' lang='lat' dir='ltr'><strong>At</strong></span> <span class='ocrx_word' id='word_1_54' title='bbox 307 1106 348 1147; x_wconf 86' lang='lat' dir='ltr'><strong>ex</strong></span> <span class='ocrx_word' id='word_1_55' title='bbox 372 1082 502 1170; x_wconf 87' lang='lat' dir='ltr'>plumbi</span> <span class='ocrx_word' id='word_1_56' title='bbox 528 1083 699 1149; x_wconf 82' lang='lat' dir='ltr'><strong>mentione</strong></span> <span class='ocrx_word' id='word_1_57' title='bbox 726 1085 881 1152; x_wconf 85' lang='lat' dir='ltr'><strong>adiuncta</strong></span> <span class='ocrx_word' id='word_1_58' title='bbox 910 1090 1046 1153; x_wconf 86' lang='lat' dir='ltr'><strong>eaedem</strong></span> 
     </span>
     <span class='ocr_line' id='line_1_8' title="bbox 36 1183 1047 1282; baseline 0.004 -31.926"><span class='ocrx_word' id='word_1_59' title='bbox 36 1183 195 1282; x_wconf 68' lang='lat' dir='ltr'><strong>Hesperides</strong></span> <span class='ocrx_word' id='word_1_60' title='bbox 227 1186 338 1250; x_wconf 82' lang='lat' dir='ltr'><strong>dictae</strong></span> <span class='ocrx_word' id='word_1_61' title='bbox 370 1184 527 1250; x_wconf 86' lang='lat' dir='ltr'><strong>videntur</strong></span> <span class='ocrx_word' id='word_1_62' title='bbox 559 1188 647 1270; x_wconf 86' lang='lat' dir='ltr'><strong>apud</strong></span> <span class='ocrx_word' id='word_1_63' title='bbox 678 1185 813 1267; x_wconf 81' lang='lat' dir='ltr'><strong>Dionys.</strong></span> <span class='ocrx_word' id='word_1_64' title='bbox 841 1212 872 1252; x_wconf 82' lang='lat' dir='ltr'><strong>v.</strong></span> <span class='ocrx_word' id='word_1_65' title='bbox 900 1194 982 1269; x_wconf 84' lang='lat'><strong>563.</strong></span> <span class='ocrx_word' id='word_1_66' title='bbox 1013 1207 1047 1256; x_wconf 89' lang='lat' dir='ltr'><strong>et</strong></span> 
     </span>
     <span class='ocr_line' id='line_1_9' title="bbox 36 1288 1046 1371; baseline 0 -14"><span class='ocrx_word' id='word_1_67' title='bbox 36 1289 162 1357; x_wconf 83' lang='lat' dir='ltr'><strong>Priscian.</strong></span> <span class='ocrx_word' id='word_1_68' title='bbox 184 1311 217 1352; x_wconf 88' lang='lat' dir='ltr'><strong>v.</strong></span> <span class='ocrx_word' id='word_1_69' title='bbox 241 1291 328 1366; x_wconf 83' lang='lat'><strong>576.</strong></span> <span class='ocrx_word' id='word_1_70' title='bbox 367 1304 424 1350; x_wconf 84' lang='lat' dir='ltr'><strong>aut</strong></span> <span class='ocrx_word' id='word_1_71' title='bbox 455 1301 544 1350; x_wconf 87' lang='lat' dir='ltr'><strong>certe</strong></span> <span class='ocrx_word' id='word_1_72' title='bbox 570 1289 700 1350; x_wconf 89' lang='lat' dir='ltr'><strong>easdem</strong></span> <span class='ocrx_word' id='word_1_73' title='bbox 725 1288 842 1353; x_wconf 88' lang='lat' dir='ltr'><strong>habuit</strong></span> <span class='ocrx_word' id='word_1_74' title='bbox 862 1288 1046 1371; x_wconf 84' lang='lat' dir='ltr'><strong>Dionysrue.</strong></span> 
     </span>
     <span class='ocr_line' id='line_1_10' title="bbox 36 1385 1048 1473; baseline 0 -17"><span class='ocrx_word' id='word_1_75' title='bbox 36 1389 158 1457; x_wconf 87' lang='lat' dir='ltr'><strong>sdenim</strong></span> <span class='ocrx_word' id='word_1_76' title='bbox 178 1411 248 1452; x_wconf 88' lang='lat' dir='ltr'><strong>non</strong></span> <span class='ocrx_word' id='word_1_77' title='bbox 271 1389 378 1451; x_wconf 88' lang='lat' dir='ltr'><strong>solum</strong></span> <span class='ocrx_word' id='word_1_78' title='bbox 403 1385 549 1473; x_wconf 84' lang='lat' dir='ltr'><strong>agnoscit</strong></span> <span class='ocrx_word' id='word_1_79' title='bbox 570 1387 774 1464; x_wconf 69' lang='lat' dir='ltr'><strong>tutamina,</strong></span> <span class='ocrx_word' id='word_1_80' title='bbox 806 1392 908 1454; x_wconf 87' lang='lat' dir='ltr'><strong>sedet</strong></span> <span class='ocrx_word' id='word_1_81' title='bbox 929 1391 1048 1456; x_wconf 86' lang='lat' dir='ltr'><strong>diserte</strong></span> 
     </span>
     <span class='ocr_line' id='line_1_11' title="bbox 35 1485 1048 1579; baseline 0.002 -21"><span class='ocrx_word' id='word_1_82' title='bbox 35 1493 182 1572; x_wconf 81' lang='lat' dir='ltr'><strong>Dionysius</strong></span> <span class='ocrx_word' id='word_1_83' title='bbox 206 1489 411 1579; x_wconf 70' lang='grc' dir='ltr'>κασσιτέροιο</span> <span class='ocrx_word' id='word_1_84' title='bbox 433 1485 591 1578; x_wconf 65' lang='grc' dir='ltr'><strong>γενέθλην</strong></span> <span class='ocrx_word' id='word_1_85' title='bbox 611 1507 718 1556; x_wconf 71' lang='lat' dir='ltr'><strong>vocat.</strong></span> <span class='ocrx_word' id='word_1_86' title='bbox 772 1491 971 1558; x_wconf 66' lang='lat' dir='ltr'><strong>Nomen&#39;ste*</strong></span> <span class='ocrx_word' id='word_1_87' title='bbox 988 1491 1048 1560; x_wconf 68' lang='grc' dir='ltr'><strong>τᾶν</strong></span> 
     </span>
     <span class='ocr_line' id='line_1_12' title="bbox 36 1586 1049 1680; baseline -0.004 -18"><span class='ocrx_word' id='word_1_88' title='bbox 36 1592 115 1662; x_wconf 78' lang='lat' dir='ltr'><strong>rt&#39;rot</strong></span> <span class='ocrx_word' id='word_1_89' title='bbox 135 1595 190 1678; x_wconf 77' lang='grc' dir='ltr'><strong>τῆς</strong></span> <span class='ocrx_word' id='word_1_90' title='bbox 214 1591 353 1666; x_wconf 69' lang='grc' dir='ltr'><em>θέσεως·</em></span> <span class='ocrx_word' id='word_1_91' title='bbox 381 1586 507 1656; x_wconf 70' lang='lat' dir='ltr'><strong>suetae}</strong></span> <span class='ocrx_word' id='word_1_92' title='bbox 529 1586 593 1680; x_wconf 75' lang='grc' dir='ltr'><strong>γάρ</strong></span> <span class='ocrx_word' id='word_1_93' title='bbox 614 1589 704 1665; x_wconf 71' lang='grc' dir='ltr'><strong><em>εἰσιν,</em></strong></span> <span class='ocrx_word' id='word_1_94' title='bbox 730 1609 768 1656; x_wconf 93' lang='lat' dir='ltr'><strong>ut</strong></span> <span class='ocrx_word' id='word_1_95' title='bbox 783 1593 924 1680; x_wconf 89' lang='lat' dir='ltr'><strong>explicat</strong></span> <span class='ocrx_word' id='word_1_96' title='bbox 939 1595 1049 1658; x_wconf 84' lang='lat' dir='ltr'><strong>Eusta-</strong></span> 
     </span>
     <span class='ocr_line' id='line_1_13' title="bbox 38 1688 1050 1759; baseline 0.001 -1"><span class='ocrx_word' id='word_1_97' title='bbox 38 1695 114 1758; x_wconf 89' lang='lat' dir='ltr'><strong>thius.</strong></span> <span class='ocrx_word' id='word_1_98' title='bbox 160 1697 207 1756; x_wconf 87' lang='lat' dir='ltr'><strong>lta</strong></span> <span class='ocrx_word' id='word_1_99' title='bbox 221 1714 305 1758; x_wconf 85' lang='lat' dir='ltr'><strong>vero</strong></span> <span class='ocrx_word' id='word_1_100' title='bbox 328 1693 463 1756; x_wconf 84' lang='lat' dir='ltr'><strong>eaedem</strong></span> <span class='ocrx_word' id='word_1_101' title='bbox 485 1688 567 1755; x_wconf 90' lang='lat' dir='ltr'><strong>olim</strong></span> <span class='ocrx_word' id='word_1_102' title='bbox 588 1689 688 1756; x_wconf 85' lang='lat' dir='ltr'><strong>etiam</strong></span> <span class='ocrx_word' id='word_1_103' title='bbox 704 1691 810 1759; x_wconf 85' lang='lat' dir='ltr'><strong>dictae</strong></span> <span class='ocrx_word' id='word_1_104' title='bbox 832 1697 906 1759; x_wconf 90' lang='lat' dir='ltr'><strong>sunt</strong></span> <span class='ocrx_word' id='word_1_105' title='bbox 924 1694 1050 1759; x_wconf 85' lang='lat' dir='ltr'><strong>insulae</strong></span> 
     </span>
     <span class='ocr_line' id='line_1_14' title="bbox 40 1791 1050 1890; baseline -0.001 -29"><span class='ocrx_word' id='word_1_106' title='bbox 40 1795 263 1890; x_wconf 72' lang='lat' dir='ltr'><strong>Oestrymniaes,</strong></span> <span class='ocrx_word' id='word_1_107' title='bbox 297 1795 339 1856; x_wconf 88' lang='lat' dir='ltr'><strong>de</strong></span> <span class='ocrx_word' id='word_1_108' title='bbox 361 1815 427 1880; x_wconf 91' lang='lat' dir='ltr'><strong>quo</strong></span> <span class='ocrx_word' id='word_1_109' title='bbox 450 1791 587 1856; x_wconf 89' lang='lat' dir='ltr'><strong>nomine</strong></span> <span class='ocrx_word' id='word_1_110' title='bbox 606 1794 743 1857; x_wconf 88' lang='lat' dir='ltr'><strong>obscuro</strong></span> <span class='ocrx_word' id='word_1_111' title='bbox 762 1795 832 1861; x_wconf 87' lang='lat' dir='ltr'><strong>vid.</strong></span> <span class='ocrx_word' id='word_1_112' title='bbox 846 1795 991 1860; x_wconf 84' lang='lat' dir='ltr'><strong>Avienus</strong></span> <span class='ocrx_word' id='word_1_113' title='bbox 1012 1795 1050 1860; x_wconf 93' lang='lat' dir='ltr'><strong>in</strong></span> 
     </span>
     <span class='ocr_line' id='line_1_15' title="bbox 39 1892 1050 1983; baseline -0.001 -22"><span class='ocrx_word' id='word_1_114' title='bbox 39 1919 78 1961; x_wconf 83' lang='lat' dir='ltr'><strong>on</strong></span> <span class='ocrx_word' id='word_1_115' title='bbox 94 1921 121 1960; x_wconf 86' lang='lat' dir='ltr'><strong>v.</strong></span> <span class='ocrx_word' id='word_1_116' title='bbox 135 1899 193 1978; x_wconf 84' lang='lat'><strong>96.</strong></span> <span class='ocrx_word' id='word_1_117' title='bbox 220 1913 255 1959; x_wconf 90' lang='lat' dir='ltr'><strong>et</strong></span> <span class='ocrx_word' id='word_1_118' title='bbox 277 1916 361 1983; x_wconf 89' lang='lat' dir='ltr'><strong>quae</strong></span> <span class='ocrx_word' id='word_1_119' title='bbox 385 1893 430 1958; x_wconf 92' lang='lat' dir='ltr'><strong>ibi</strong></span> <span class='ocrx_word' id='word_1_120' title='bbox 454 1892 574 1958; x_wconf 86' lang='lat' dir='ltr'><strong>adtulit</strong></span> <span class='ocrx_word' id='word_1_121' title='bbox 589 1897 792 1961; x_wconf 86' lang='lat' dir='ltr'><strong>Wernsdors.</strong></span> <span class='ocrx_word' id='word_1_122' title='bbox 843 1899 969 1962; x_wconf 84' lang='lat' dir='ltr'><strong>Decem</strong></span> <span class='ocrx_word' id='word_1_123' title='bbox 989 1919 1050 1961; x_wconf 87' lang='lat' dir='ltr'><strong>nu·</strong></span> 
     </span>
     <span class='ocr_line' id='line_1_16' title="bbox 38 1996 1049 2076; baseline 0.001 -15"><span class='ocrx_word' id='word_1_124' title='bbox 38 2019 107 2062; x_wconf 84' lang='lat' dir='ltr'><strong>mero</strong></span> <span class='ocrx_word' id='word_1_125' title='bbox 136 1996 227 2060; x_wconf 86' lang='lat' dir='ltr'><strong>fuisse</strong></span> <span class='ocrx_word' id='word_1_126' title='bbox 256 1999 393 2060; x_wconf 88' lang='lat' dir='ltr'><strong>tradunt</strong></span> <span class='ocrx_word' id='word_1_127' title='bbox 418 1999 534 2060; x_wconf 85' lang='lat' dir='ltr'><strong>Strabo</strong></span> <span class='ocrx_word' id='word_1_128' title='bbox 558 2011 588 2076; x_wconf 80' lang='lat'><strong>5.</strong></span> <span class='ocrx_word' id='word_1_129' title='bbox 612 2013 692 2062; x_wconf 87' lang='lat' dir='ltr'><strong>extr.</strong></span> <span class='ocrx_word' id='word_1_130' title='bbox 726 1999 933 2062; x_wconf 79' lang='lat' dir='ltr'><strong>Ptolemaeus</strong></span> <span class='ocrx_word' id='word_1_131' title='bbox 961 2019 993 2073; x_wconf 77' lang='lat' dir='ltr'><strong>e,</strong></span> <span class='ocrx_word' id='word_1_132' title='bbox 1016 2001 1049 2065; x_wconf 87' lang='grc'><strong>6.</strong></span> 
     </span>
     <span class='ocr_line' id='line_1_17' title="bbox 37 2097 1052 2183; baseline 0.003 -23"><span class='ocrx_word' id='word_1_133' title='bbox 37 2101 153 2161; x_wconf 85' lang='lat' dir='ltr'><strong>Eustatb.</strong></span> <span class='ocrx_word' id='word_1_134' title='bbox 176 2100 217 2162; x_wconf 85' lang='lat' dir='ltr'><strong>ad</strong></span> <span class='ocrx_word' id='word_1_135' title='bbox 235 2097 373 2178; x_wconf 83' lang='lat' dir='ltr'><strong>Dionys.</strong></span> <span class='ocrx_word' id='word_1_136' title='bbox 391 2101 456 2162; x_wconf 89' lang='lat' dir='ltr'><strong>c.l.</strong></span> <span class='ocrx_word' id='word_1_137' title='bbox 485 2112 572 2161; x_wconf 90' lang='lat' dir='ltr'><strong>certe</strong></span> <span class='ocrx_word' id='word_1_138' title='bbox 587 2101 697 2182; x_wconf 83' lang='lat' dir='ltr'><strong>plures</strong></span> <span class='ocrx_word' id='word_1_139' title='bbox 715 2097 822 2183; x_wconf 90' lang='lat' dir='ltr'><strong>ipsum</strong></span> <span class='ocrx_word' id='word_1_140' title='bbox 843 2103 982 2163; x_wconf 83' lang='lat' dir='ltr'><strong>verbum</strong></span> <span class='ocrx_word' id='word_1_141' title='bbox 1002 2098 1052 2164; x_wconf 90' lang='lat' dir='ltr'><strong>in·</strong></span> 
     </span>
     <span class='ocr_line' id='line_1_18' title="bbox 39 2196 1051 2285; baseline 0.002 -23"><span class='ocrx_word' id='word_1_142' title='bbox 39 2200 121 2270; x_wconf 84' lang='lat' dir='ltr'><strong>dicat,</strong></span> <span class='ocrx_word' id='word_1_143' title='bbox 145 2202 235 2285; x_wconf 88' lang='lat' dir='ltr'><strong>quod</strong></span> <span class='ocrx_word' id='word_1_144' title='bbox 254 2217 290 2262; x_wconf 89' lang='lat' dir='ltr'><strong>et</strong></span> <span class='ocrx_word' id='word_1_145' title='bbox 304 2199 422 2262; x_wconf 82' lang='lat' dir='ltr'><strong>diserte</strong></span> <span class='ocrx_word' id='word_1_146' title='bbox 437 2196 548 2262; x_wconf 87' lang='lat' dir='ltr'><strong>scribit</strong></span> <span class='ocrx_word' id='word_1_147' title='bbox 567 2198 653 2262; x_wconf 91' lang='lat' dir='ltr'><strong>Plin.</strong></span> <span class='ocrx_word' id='word_1_148' title='bbox 668 2213 703 2281; x_wconf 78' lang='grc'><strong>4,</strong></span> <span class='ocrx_word' id='word_1_149' title='bbox 719 2203 777 2278; x_wconf 85' lang='lat'><strong>36.</strong></span> <span class='ocrx_word' id='word_1_150' title='bbox 794 2201 813 2262; x_wconf 92' lang='lat' dir='ltr'><strong>s.</strong></span> <span class='ocrx_word' id='word_1_151' title='bbox 832 2221 889 2266; x_wconf 84' lang='lat' dir='ltr'><strong>ee.</strong></span> <span class='ocrx_word' id='word_1_152' title='bbox 916 2204 971 2264; x_wconf 83' lang='lat' dir='ltr'><strong>ctsr</strong></span> <span class='ocrx_word' id='word_1_153' title='bbox 994 2199 1051 2264; x_wconf 93' lang='lat' dir='ltr'><strong>alii</strong></span> 
     </span>
     <span class='ocr_line' id='line_1_19' title="bbox 38 2291 1052 2386; baseline 0.003 -24"><span class='ocrx_word' id='word_1_154' title='bbox 38 2323 116 2364; x_wconf 88' lang='lat' dir='ltr'><strong>unam</strong></span> <span class='ocrx_word' id='word_1_155' title='bbox 143 2317 277 2364; x_wconf 90' lang='lat' dir='ltr'><strong>tantum</strong></span> <span class='ocrx_word' id='word_1_156' title='bbox 307 2291 577 2364; x_wconf 76' lang='lat' dir='ltr'><strong>commemorant.</strong></span> <span class='ocrx_word' id='word_1_157' title='bbox 627 2301 669 2363; x_wconf 80' lang='lat' dir='ltr'><strong>tt</strong></span> <span class='ocrx_word' id='word_1_158' title='bbox 694 2299 840 2364; x_wconf 85' lang='lat' dir='ltr'><strong>dissicilis</strong></span> <span class='ocrx_word' id='word_1_159' title='bbox 874 2318 907 2365; x_wconf 91' lang='lat' dir='ltr'><strong>et</strong></span> <span class='ocrx_word' id='word_1_160' title='bbox 932 2300 1052 2386; x_wconf 82' lang='lat' dir='ltr'><strong>agitata</strong></span> 
     </span>
     <span class='ocr_line' id='line_1_20' title="bbox 39 2401 1051 2487; baseline 0.002 -22.957"><span class='ocrx_word' id='word_1_161' title='bbox 17 2401 155 2490; x_wconf 82' lang='lat' dir='ltr'><strong>quaeslio</strong></span> <span class='ocrx_word' id='word_1_162' title='bbox 177 2403 289 2465; x_wconf 87' lang='lat' dir='ltr'><strong>servet</strong></span> <span class='ocrx_word' id='word_1_163' title='bbox 308 2404 350 2464; x_wconf 88' lang='lat' dir='ltr'><strong>de</strong></span> <span class='ocrx_word' id='word_1_164' title='bbox 374 2423 487 2464; x_wconf 86' lang='lat' dir='ltr'><strong>earum</strong></span> <span class='ocrx_word' id='word_1_165' title='bbox 510 2403 578 2466; x_wconf 85' lang='lat' dir='ltr'><strong>litu.</strong></span> <span class='ocrx_word' id='word_1_166' title='bbox 617 2402 704 2464; x_wconf 88' lang='lat' dir='ltr'><strong>Mela</strong></span> <span class='ocrx_word' id='word_1_167' title='bbox 725 2401 822 2486; x_wconf 92' lang='lat' dir='ltr'><strong>ponit</strong></span> <span class='ocrx_word' id='word_1_168' title='bbox 845 2402 880 2465; x_wconf 88' lang='lat' dir='ltr'><strong>in</strong></span> <span class='ocrx_word' id='word_1_169' title='bbox 905 2402 1051 2468; x_wconf 81' lang='lat' dir='ltr'><strong>Celticis.</strong></span> 
     </span>
     <span class='ocr_line' id='line_1_21' title="bbox 39 2499 1053 2588; baseline 0.003 -23.936"><span class='ocrx_word' id='word_1_170' title='bbox 39 2506 90 2565; x_wconf 87' lang='lat' dir='ltr'><strong>lam</strong></span> <span class='ocrx_word' id='word_1_171' title='bbox 106 2525 180 2566; x_wconf 81' lang='lat' dir='ltr'><strong>vero</strong></span> <span class='ocrx_word' id='word_1_172' title='bbox 195 2501 346 2572; x_wconf 80' lang='lat' dir='ltr'><strong>Celticos</strong></span> <span class='ocrx_word' id='word_1_173' title='bbox 362 2501 458 2587; x_wconf 88' lang='lat' dir='ltr'><strong>ponit</strong></span> <span class='ocrx_word' id='word_1_174' title='bbox 475 2500 512 2564; x_wconf 92' lang='lat' dir='ltr'><strong>in</strong></span> <span class='ocrx_word' id='word_1_175' title='bbox 529 2499 684 2588; x_wconf 79' lang='lat' dir='ltr'><strong>Hispania</strong></span> <span class='ocrx_word' id='word_1_176' title='bbox 702 2501 975 2588; x_wconf 82' lang='lat' dir='ltr'><strong>septemtrionali,</strong></span> <span class='ocrx_word' id='word_1_177' title='bbox 1001 2501 1053 2567; x_wconf 89' lang='lat' dir='ltr'><strong>uti</strong></span> 
     </span>
     <span class='ocr_line' id='line_1_22' title="bbox 17 2601 1054 2688; baseline 0.003 -23"><span class='ocrx_word' id='word_1_178' title='bbox 17 2633 18 2660; x_wconf 76' lang='lat'>1</span> <span class='ocrx_word' id='word_1_179' title='bbox 41 2605 150 2688; x_wconf 84' lang='lat' dir='ltr'><strong>adparet</strong></span> <span class='ocrx_word' id='word_1_180' title='bbox 173 2627 215 2669; x_wconf 85' lang='lat' dir='ltr'><strong>ex</strong></span> <span class='ocrx_word' id='word_1_181' title='bbox 240 2622 275 2684; x_wconf 86' lang='lat'><strong>3,</strong></span> <span class='ocrx_word' id='word_1_182' title='bbox 303 2629 332 2681; x_wconf 89' lang='lat'><strong>1,</strong></span> <span class='ocrx_word' id='word_1_183' title='bbox 357 2607 416 2680; x_wconf 83' lang='lat'><strong>68.</strong></span> <span class='ocrx_word' id='word_1_184' title='bbox 436 2620 469 2668; x_wconf 89' lang='lat' dir='ltr'><strong>et</strong></span> <span class='ocrx_word' id='word_1_185' title='bbox 492 2616 524 2682; x_wconf 81' lang='grc'><strong>8.</strong></span> <span class='ocrx_word' id='word_1_186' title='bbox 557 2620 591 2667; x_wconf 88' lang='lat' dir='ltr'><strong>et</strong></span> <span class='ocrx_word' id='word_1_187' title='bbox 611 2601 678 2687; x_wconf 89' lang='lat' dir='ltr'><strong>ipsa</strong></span> <span class='ocrx_word' id='word_1_188' title='bbox 701 2602 880 2668; x_wconf 87' lang='lat' dir='ltr'><strong>insularum</strong></span> <span class='ocrx_word' id='word_1_189' title='bbox 903 2603 1000 2668; x_wconf 89' lang='lat' dir='ltr'><strong>series</strong></span> <span class='ocrx_word' id='word_1_190' title='bbox 1021 2621 1054 2668; x_wconf 87' lang='lat' dir='ltr'><strong>et</strong></span> 
     </span>
     <span class='ocr_line' id='line_1_23' title="bbox 17 2704 1055 2791; baseline 0.003 -25"><span class='ocrx_word' id='word_1_191' title='bbox 17 2707 191 2789; x_wconf 63' lang='lat' dir='ltr'><strong>Jprogressro</strong></span> <span class='ocrx_word' id='word_1_192' title='bbox 215 2707 330 2770; x_wconf 86' lang='lat' dir='ltr'><strong>cursus</strong></span> <span class='ocrx_word' id='word_1_193' title='bbox 360 2706 475 2777; x_wconf 87' lang='lat' dir='ltr'><strong>docet,</strong></span> <span class='ocrx_word' id='word_1_194' title='bbox 509 2705 604 2790; x_wconf 86' lang='lat' dir='ltr'><strong>supra</strong></span> <span class='ocrx_word' id='word_1_195' title='bbox 626 2708 794 2768; x_wconf 71' lang='lat' dir='ltr'><strong>Lusitanos</strong></span> <span class='ocrx_word' id='word_1_196' title='bbox 818 2705 852 2768; x_wconf 85' lang='lat' dir='ltr'><strong>in</strong></span> <span class='ocrx_word' id='word_1_197' title='bbox 876 2704 1055 2791; x_wconf 75' lang='lat' dir='ltr'><strong>Hispaniae</strong></span> 
     </span>
     <span class='ocr_line' id='line_1_24' title="bbox 17 2801 1054 2892; baseline 0.005 -24"><span class='ocrx_word' id='word_1_198' title='bbox 17 2831 18 2846; x_wconf 62' lang='lat'><em>³</em></span> <span class='ocrx_word' id='word_1_199' title='bbox 42 2806 82 2868; x_wconf 90' lang='lat' dir='ltr'><strong>illa</strong></span> <span class='ocrx_word' id='word_1_200' title='bbox 100 2825 188 2891; x_wconf 88' lang='lat' dir='ltr'><strong>parte</strong></span> <span class='ocrx_word' id='word_1_201' title='bbox 210 2829 267 2870; x_wconf 83' lang='lat' dir='ltr'><strong>eas</strong></span> <span class='ocrx_word' id='word_1_202' title='bbox 285 2804 439 2892; x_wconf 88' lang='lat' dir='ltr'><strong>posuisse,</strong></span> <span class='ocrx_word' id='word_1_203' title='bbox 471 2821 504 2869; x_wconf 89' lang='lat' dir='ltr'><strong>et</strong></span> <span class='ocrx_word' id='word_1_204' title='bbox 523 2827 540 2867; x_wconf 88' lang='lat' dir='ltr'><strong>a</strong></span> <span class='ocrx_word' id='word_1_205' title='bbox 557 2801 749 2870; x_wconf 84' lang='lat' dir='ltr'><strong>Britannico</strong></span> <span class='ocrx_word' id='word_1_206' title='bbox 769 2806 852 2869; x_wconf 90' lang='lat' dir='ltr'><strong>mari</strong></span> <span class='ocrx_word' id='word_1_207' title='bbox 871 2805 1054 2873; x_wconf 82' lang='lat' dir='ltr'><strong>removisse.</strong></span> 
     </span>
     <span class='ocr_line' id='line_1_25' title="bbox 42 2905 1056 2993; baseline 0 -23"><span class='ocrx_word' id='word_1_208' title='bbox 42 2908 191 2972; x_wconf 77' lang='lat' dir='ltr'><strong>Consentit</strong></span> <span class='ocrx_word' id='word_1_209' title='bbox 207 2911 325 2974; x_wconf 86' lang='lat' dir='ltr'><strong>Strabo</strong></span> <span class='ocrx_word' id='word_1_210' title='bbox 344 2923 375 2989; x_wconf 79' lang='lat'><strong>3.</strong></span> <span class='ocrx_word' id='word_1_211' title='bbox 392 2923 473 2970; x_wconf 84' lang='lat' dir='ltr'><strong>extr.</strong></span> <span class='ocrx_word' id='word_1_212' title='bbox 500 2905 557 2992; x_wconf 90' lang='lat' dir='ltr'><strong>qui</strong></span> <span class='ocrx_word' id='word_1_213' title='bbox 580 2909 619 2970; x_wconf 89' lang='lat' dir='ltr'><strong>ab</strong></span> <span class='ocrx_word' id='word_1_214' title='bbox 636 2908 847 2970; x_wconf 81' lang='lat' dir='ltr'><strong>Artabrorum</strong></span> <span class='ocrx_word' id='word_1_215' title='bbox 863 2924 962 2993; x_wconf 89' lang='lat' dir='ltr'><strong>portu</strong></span> <span class='ocrx_word' id='word_1_216' title='bbox 984 2929 1056 2971; x_wconf 87' lang='lat' dir='ltr'><strong>ver·</strong></span> 
     </span>
     <span class='ocr_line' id='line_1_26' title="bbox 42 3006 1055 3095; baseline 0.003 -26"><span class='ocrx_word' id='word_1_217' title='bbox 42 3009 80 3070; x_wconf 86' lang='lat' dir='ltr'><strong>lus</strong></span> <span class='ocrx_word' id='word_1_218' title='bbox 97 3008 364 3095; x_wconf 84' lang='lat' dir='ltr'><strong>septemtrionem</strong></span> <span class='ocrx_word' id='word_1_219' title='bbox 389 3011 549 3072; x_wconf 89' lang='lat' dir='ltr'><strong>conlocat.</strong></span> <span class='ocrx_word' id='word_1_220' title='bbox 599 3009 663 3072; x_wconf 87' lang='lat' dir='ltr'><strong>Sed</strong></span> <span class='ocrx_word' id='word_1_221' title='bbox 686 3006 775 3070; x_wconf 89' lang='lat' dir='ltr'><strong>idem</strong></span> <span class='ocrx_word' id='word_1_222' title='bbox 797 3007 832 3071; x_wconf 93' lang='lat' dir='ltr'><strong>in</strong></span> <span class='ocrx_word' id='word_1_223' title='bbox 855 3007 958 3094; x_wconf 90' lang='lat' dir='ltr'><strong>priori</strong></span> <span class='ocrx_word' id='word_1_224' title='bbox 980 3011 1055 3072; x_wconf 91' lang='lat' dir='ltr'><strong>loco</strong></span> 
     </span>
     <span class='ocr_line' id='line_1_27' title="bbox 41 3107 1055 3194; baseline 0.001 -25"><span class='ocrx_word' id='word_1_225' title='bbox 41 3109 168 3174; x_wconf 83' lang='lat' dir='ltr'><strong>stonum</strong></span> <span class='ocrx_word' id='word_1_226' title='bbox 192 3109 281 3175; x_wconf 91' lang='lat' dir='ltr'><strong>nasci</strong></span> <span class='ocrx_word' id='word_1_227' title='bbox 302 3107 413 3174; x_wconf 91' lang='lat' dir='ltr'><strong>scribit</strong></span> <span class='ocrx_word' id='word_1_228' title='bbox 432 3111 518 3192; x_wconf 85' lang='lat' dir='ltr'><strong>apud</strong></span> <span class='ocrx_word' id='word_1_229' title='bbox 540 3112 698 3192; x_wconf 87' lang='lat' dir='ltr'><strong>populos.</strong></span> <span class='ocrx_word' id='word_1_230' title='bbox 733 3107 791 3194; x_wconf 89' lang='lat' dir='ltr'><strong>qui</strong></span> <span class='ocrx_word' id='word_1_231' title='bbox 818 3111 910 3194; x_wconf 88' lang='lat' dir='ltr'><strong>snpra</strong></span> <span class='ocrx_word' id='word_1_232' title='bbox 936 3111 1055 3171; x_wconf 81' lang='lat' dir='ltr'><strong>Lustra·</strong></span> 
     </span>
     <span class='ocr_line' id='line_1_28' title="bbox 41 3206 1056 3284; baseline 0 -12"><span class='ocrx_word' id='word_1_233' title='bbox 41 3209 112 3273; x_wconf 83' lang='lat' dir='ltr'><strong>niam</strong></span> <span class='ocrx_word' id='word_1_234' title='bbox 135 3213 305 3283; x_wconf 83' lang='lat' dir='ltr'><strong>habitant,</strong></span> <span class='ocrx_word' id='word_1_235' title='bbox 337 3209 373 3274; x_wconf 92' lang='lat' dir='ltr'><strong>in</strong></span> <span class='ocrx_word' id='word_1_236' title='bbox 394 3207 657 3284; x_wconf 84' lang='lat' dir='ltr'><strong>Cassiteridibus‚</strong></span> <span class='ocrx_word' id='word_1_237' title='bbox 691 3207 771 3273; x_wconf 87' lang='lat' dir='ltr'><strong>item</strong></span> <span class='ocrx_word' id='word_1_238' title='bbox 794 3231 833 3272; x_wconf 88' lang='lat' dir='ltr'><strong>ex</strong></span> <span class='ocrx_word' id='word_1_239' title='bbox 856 3206 1056 3272; x_wconf 75' lang='lat' dir='ltr'><strong>Britannicis</strong></span> 
     </span>
     <span class='ocr_line' id='line_1_29' title="bbox 40 3309 1058 3397; baseline 0.001 -25"><span class='ocrx_word' id='word_1_240' title='bbox 40 3312 192 3376; x_wconf 81' lang='lat' dir='ltr'><strong>Massrliam</strong></span> <span class='ocrx_word' id='word_1_241' title='bbox 220 3311 360 3386; x_wconf 70' lang='lat' dir='ltr'><strong>(leuchi,</strong></span> <span class='ocrx_word' id='word_1_242' title='bbox 389 3309 533 3396; x_wconf 88' lang='lat' dir='ltr'><strong>denique</strong></span> <span class='ocrx_word' id='word_1_243' title='bbox 555 3316 641 3395; x_wconf 87' lang='lat' dir='ltr'><strong>apud</strong></span> <span class='ocrx_word' id='word_1_244' title='bbox 663 3313 832 3382; x_wconf 69' lang='lat' dir='ltr'><strong>astamus,</strong></span> <span class='ocrx_word' id='word_1_245' title='bbox 859 3309 916 3397; x_wconf 89' lang='lat' dir='ltr'><strong>qui</strong></span> <span class='ocrx_word' id='word_1_246' title='bbox 938 3313 1058 3373; x_wconf 83' lang='lat' dir='ltr'><strong>Lufita·</strong></span> 
     </span>
     <span class='ocr_line' id='line_1_30' title="bbox 42 3409 1056 3495; baseline -0.001 -21"><span class='ocrx_word' id='word_1_247' title='bbox 42 3413 100 3476; x_wconf 85' lang='lat' dir='ltr'><strong>niae</strong></span> <span class='ocrx_word' id='word_1_248' title='bbox 121 3417 232 3479; x_wconf 86' lang='lat' dir='ltr'><strong>tersus</strong></span> <span class='ocrx_word' id='word_1_249' title='bbox 254 3415 404 3477; x_wconf 85' lang='lat' dir='ltr'><strong>occasum</strong></span> <span class='ocrx_word' id='word_1_250' title='bbox 425 3428 457 3475; x_wconf 89' lang='lat' dir='ltr'><strong>et</strong></span> <span class='ocrx_word' id='word_1_251' title='bbox 479 3409 742 3495; x_wconf 87' lang='lat' dir='ltr'><strong>septemtrionem</strong></span> <span class='ocrx_word' id='word_1_252' title='bbox 758 3409 873 3474; x_wconf 87' lang='lat' dir='ltr'><strong>ultima</strong></span> <span class='ocrx_word' id='word_1_253' title='bbox 894 3409 1056 3488; x_wconf 88' lang='lat' dir='ltr'><strong>habitant,</strong></span> 
     </span>
     <span class='ocr_line' id='line_1_31' title="bbox 42 3510 1058 3600; baseline 0 -24"><span class='ocrx_word' id='word_1_254' title='bbox 42 3514 172 3580; x_wconf 63' lang='lat' dir='ltr'><strong>bunum</strong></span> <span class='ocrx_word' id='word_1_255' title='bbox 197 3531 332 3600; x_wconf 83' lang='lat' dir='ltr'><strong>argento</strong></span> <span class='ocrx_word' id='word_1_256' title='bbox 355 3511 545 3598; x_wconf 83' lang='lat' dir='ltr'><strong>permistum</strong></span> <span class='ocrx_word' id='word_1_257' title='bbox 570 3511 725 3576; x_wconf 88' lang='lat' dir='ltr'><strong>inveniri.</strong></span> <span class='ocrx_word' id='word_1_258' title='bbox 777 3510 978 3576; x_wconf 85' lang='lat' dir='ltr'><strong>Celtiberiae</strong></span> <span class='ocrx_word' id='word_1_259' title='bbox 1003 3515 1058 3576; x_wconf 88' lang='lat' dir='ltr'><strong>ob·</strong></span> 
     </span>
     <span class='ocr_line' id='line_1_32' title="bbox 42 3611 1059 3695; baseline 0.001 -18"><span class='ocrx_word' id='word_1_260' title='bbox 42 3615 126 3681; x_wconf 78' lang='lat' dir='ltr'><strong>iactas</strong></span> <span class='ocrx_word' id='word_1_261' title='bbox 146 3617 241 3681; x_wconf 88' lang='lat' dir='ltr'><strong>fuisse</strong></span> <span class='ocrx_word' id='word_1_262' title='bbox 263 3613 376 3680; x_wconf 87' lang='lat' dir='ltr'><strong>scribit</strong></span> <span class='ocrx_word' id='word_1_263' title='bbox 397 3611 484 3678; x_wconf 84' lang='lat' dir='ltr'><strong>Ptin.</strong></span> <span class='ocrx_word' id='word_1_264' title='bbox 498 3625 535 3695; x_wconf 82' lang='grc'><strong>4,</strong></span> <span class='ocrx_word' id='word_1_265' title='bbox 554 3617 610 3692; x_wconf 84' lang='lat'><strong>36.</strong></span> <span class='ocrx_word' id='word_1_266' title='bbox 628 3615 650 3677; x_wconf 96' lang='lat' dir='ltr'><strong>s.</strong></span> <span class='ocrx_word' id='word_1_267' title='bbox 669 3634 724 3678; x_wconf 81' lang='lat' dir='ltr'><strong>ee.</strong></span> <span class='ocrx_word' id='word_1_268' title='bbox 751 3629 843 3676; x_wconf 89' lang='lat' dir='ltr'><strong>etex</strong></span> <span class='ocrx_word' id='word_1_269' title='bbox 864 3635 903 3678; x_wconf 95' lang='lat' dir='ltr'><strong>eo</strong></span> <span class='ocrx_word' id='word_1_270' title='bbox 927 3611 1059 3678; x_wconf 85' lang='lat' dir='ltr'><strong>Solinus</strong></span> 
     </span>
     <span class='ocr_line' id='line_1_33' title="bbox 45 3713 1061 3800; baseline -0.002 -22"><span class='ocrx_word' id='word_1_271' title='bbox 45 3721 89 3782; x_wconf 81' lang='lat' dir='ltr'><strong>ess.</strong></span> <span class='ocrx_word' id='word_1_272' title='bbox 110 3721 129 3782; x_wconf 92' lang='lat' dir='ltr'><strong>s.</strong></span> <span class='ocrx_word' id='word_1_273' title='bbox 150 3735 209 3797; x_wconf 76' lang='lat'><strong>23.</strong></span> <span class='ocrx_word' id='word_1_274' title='bbox 265 3721 304 3780; x_wconf 93' lang='lat' dir='ltr'><strong>ln</strong></span> <span class='ocrx_word' id='word_1_275' title='bbox 339 3713 536 3780; x_wconf 86' lang='lat' dir='ltr'><strong>occidentali</strong></span> <span class='ocrx_word' id='word_1_276' title='bbox 571 3718 703 3780; x_wconf 83' lang='lat' dir='ltr'><strong>Oceano</strong></span> <span class='ocrx_word' id='word_1_277' title='bbox 737 3735 840 3799; x_wconf 86' lang='lat' dir='ltr'><strong>prope</strong></span> <span class='ocrx_word' id='word_1_278' title='bbox 871 3713 1061 3800; x_wconf 83' lang='lat' dir='ltr'><strong>Hispaniam</strong></span> 
     </span>
     <span class='ocr_line' id='line_1_34' title="bbox 44 3813 1061 3902; baseline -0.001 -22"><span class='ocrx_word' id='word_1_279' title='bbox 44 3818 123 3902; x_wconf 90' lang='lat' dir='ltr'><strong>ponit</strong></span> <span class='ocrx_word' id='word_1_280' title='bbox 143 3823 351 3884; x_wconf 81' lang='lat' dir='ltr'><strong>Ptolemaeus</strong></span> <span class='ocrx_word' id='word_1_281' title='bbox 372 3837 406 3890; x_wconf 69' lang='grc' dir='ltr'><strong>Ω,</strong></span> <span class='ocrx_word' id='word_1_282' title='bbox 425 3820 457 3880; x_wconf 83' lang='grc'><strong>6</strong></span> <span class='ocrx_word' id='word_1_283' title='bbox 475 3832 554 3880; x_wconf 85' lang='lat' dir='ltr'><strong>extr.</strong></span> <span class='ocrx_word' id='word_1_284' title='bbox 604 3819 712 3901; x_wconf 88' lang='lat' dir='ltr'><strong>Prope</strong></span> <span class='ocrx_word' id='word_1_285' title='bbox 730 3813 920 3902; x_wconf 81' lang='lat' dir='ltr'><strong>Hispaniam</strong></span> <span class='ocrx_word' id='word_1_286' title='bbox 942 3817 1061 3900; x_wconf 85' lang='lat' dir='ltr'><strong>Hespe·</strong></span> 
     </span>
     <span class='ocr_line' id='line_1_35' title="bbox 44 3914 1061 3997; baseline -0.001 -17"><span class='ocrx_word' id='word_1_287' title='bbox 44 3919 118 3984; x_wconf 83' lang='lat' dir='ltr'><strong>ridas</strong></span> <span class='ocrx_word' id='word_1_288' title='bbox 143 3923 214 3984; x_wconf 83' lang='lat' dir='ltr'><strong>suas</strong></span> <span class='ocrx_word' id='word_1_289' title='bbox 239 3918 379 3986; x_wconf 80' lang='lat' dir='ltr'><strong>ostendit</strong></span> <span class='ocrx_word' id='word_1_290' title='bbox 406 3917 539 3997; x_wconf 87' lang='lat' dir='ltr'><strong>Dionys.</strong></span> <span class='ocrx_word' id='word_1_291' title='bbox 557 3939 588 3980; x_wconf 87' lang='lat' dir='ltr'><strong>v.</strong></span> <span class='ocrx_word' id='word_1_292' title='bbox 607 3915 689 3996; x_wconf 77' lang='lat'><strong>563.</strong></span> <span class='ocrx_word' id='word_1_293' title='bbox 722 3932 756 3978; x_wconf 90' lang='lat' dir='ltr'><strong>et</strong></span> <span class='ocrx_word' id='word_1_294' title='bbox 778 3917 818 3979; x_wconf 87' lang='lat' dir='ltr'><strong>ad</strong></span> <span class='ocrx_word' id='word_1_295' title='bbox 842 3914 1061 3989; x_wconf 88' lang='lat' dir='ltr'><strong>occidentem,</strong></span> 
     </span>
     <span class='ocr_line' id='line_1_36' title="bbox 45 4014 1062 4102; baseline -0.001 -19"><span class='ocrx_word' id='word_1_296' title='bbox 45 4023 121 4084; x_wconf 86' lang='lat' dir='ltr'><strong>unde</strong></span> <span class='ocrx_word' id='word_1_297' title='bbox 135 4042 258 4085; x_wconf 88' lang='lat' dir='ltr'><strong>nomen</strong></span> <span class='ocrx_word' id='word_1_298' title='bbox 271 4021 356 4084; x_wconf 87' lang='lat' dir='ltr'><strong>illud</strong></span> <span class='ocrx_word' id='word_1_299' title='bbox 370 4018 531 4084; x_wconf 89' lang='lat' dir='ltr'><strong>tributum</strong></span> <span class='ocrx_word' id='word_1_300' title='bbox 545 4015 693 4089; x_wconf 67' lang='lat' dir='ltr'><strong>ridetur,</strong></span> <span class='ocrx_word' id='word_1_301' title='bbox 721 4015 796 4102; x_wconf 91' lang='lat' dir='ltr'><strong>quia</strong></span> <span class='ocrx_word' id='word_1_302' title='bbox 809 4014 888 4080; x_wconf 90' lang='lat' dir='ltr'><strong>inde</strong></span> <span class='ocrx_word' id='word_1_303' title='bbox 902 4018 943 4080; x_wconf 74' lang='lat' dir='ltr'><strong>acl</strong></span> <span class='ocrx_word' id='word_1_304' title='bbox 960 4019 1062 4082; x_wconf 87' lang='lat' dir='ltr'><strong>Ocea·</strong></span> 
     </span>
    </p>
   </div>
   <div class='ocr_carea' id='block_1_4' title="bbox 45 4115 1187 4210">
    <p class='ocr_par' dir='ltr' id='par_1_4' title="bbox 45 4115 1187 4210">
     <span class='ocr_line' id='line_1_37' title="bbox 45 4115 1187 4210; baseline 0.004 -26"><span class='ocrx_word' id='word_1_305' title='bbox 45 4143 114 4188; x_wconf 83' lang='lat' dir='ltr'><strong>nutu</strong></span> <span class='ocrx_word' id='word_1_306' title='bbox 134 4127 301 4190; x_wconf 85' lang='lat' dir='ltr'><strong>borealem</strong></span> <span class='ocrx_word' id='word_1_307' title='bbox 319 4119 540 4210; x_wconf 75' lang='lat' dir='ltr'><strong>progreditur.</strong></span> <span class='ocrx_word' id='word_1_308' title='bbox 590 4115 775 4188; x_wconf 78' lang='lat' dir='ltr'><strong>Priscianus</strong></span> <span class='ocrx_word' id='word_1_309' title='bbox 791 4141 822 4184; x_wconf 83' lang='lat' dir='ltr'><strong>v.</strong></span> <span class='ocrx_word' id='word_1_310' title='bbox 842 4123 926 4200; x_wconf 78' lang='lat'><strong>576.</strong></span> <span class='ocrx_word' id='word_1_311' title='bbox 949 4135 1062 4188; x_wconf 69' lang='lat' dir='ltr'><strong>cetura</strong></span> <span class='ocrx_word' id='word_1_312' title='bbox 1185 4183 1187 4193; x_wconf 79' lang='grc'>,</span> 
     </span>
    </p>
   </div>
   <div class='ocr_carea' id='block_1_5' title="bbox 0 0 1371 4896">
    <p class='ocr_par' dir='ltr' id='par_1_5' title="bbox 0 0 1371 4896">
     <span class='ocr_line' id='line_1_38' title="bbox 0 0 1371 4896; baseline 0 0"><span class='ocrx_word' id='word_1_313' title='bbox 0 0 1371 4896; x_wconf 95' lang='lat' dir='ltr'><strong> </strong></span> 
     </span>
    </p>
   </div>
  </div>
 </body>
</html>
