2650 4896
266 439 327 506 ῳ
532 419 694 480 norea
734 416 1032 476 exronrroea

270 597 452 680 Xenophon
473 594 507 656 in
531 591 705 656 Memoiree
719 627 771 640 -
790 592 831 654 de
852 593 939 655 Paria
954 595 995 656 T.
1012 593 1044 656 6.
1065 612 1098 676 p.
1116 597 1204 668 354-
1232 584 1254 671 (
1276 612 1325 637 --r

271 703 373 786 Hag.)
406 699 458 768 Ar,
476 707 568 780 puto,
585 696 637 755 vel
653 695 856 778 negligentia,
872 696 925 756 vel
939 713 1046 758 rerum
1062 712 1141 778 vaga
1155 689 1313 753 narrati·

272 806 306 866 id
332 799 464 884 peperit.
516 797 569 858 Sic
592 796 632 857 de
651 795 744 880 gellia
764 815 781 857 a
802 797 926 858 Baccho
944 796 1038 860 rebar
1053 807 1204 864 notatur,
1232 811 1281 873 qv
1301 822 1320 835 π

272 902 401 970 tribue
415 899 484 970 atii,
506 898 558 960 alii
574 897 683 960 ludiae
697 897 865 968 tribuunt.

333 1125 410 1169 nort
432 1103 516 1166 Eoo
541 1099 722 1183 tanturn)
745 1100 829 1164 Plio.
840 1101 904 1164 ol.
920 1100 1208 1162 norrEootantum
1226 1118 1284 1158 mr

275 1207 442 1277 adtacms,
467 1223 573 1266 verram
593 1215 625 1264 et
646 1201 834 1274 meridiano,
859 1203 943 1286 quod
963 1200 1106 1262 lodicum
1129 1198 1280 1280 adpelle
1302 1224 1305 1235 ·

276 1331 355 1372 mur.
386 1305 498 1370 Strabo
519 1315 573 1380 15.
591 1305 636 1366 in.
659 1297 771 1392 rrpt'urtp
788 1299 927 1368 ἔκκειται
945 1297 1024 1391 πρὸς
1038 1300 1110 1374 ταῖς
1126 1293 1325 1363 α’νατολαῖ

273 1611 410 1676 Indiae
426 1605 597 1670 meridiano
617 1610 699 1668 mari
717 1621 862 1688 porrecta
883 1607 928 1668 ad
944 1607 1005 1676 Eo,
1031 1619 1069 1666 ut
1084 1605 1237 1665 Martiam.
1258 1601 1305 1663 C:

275 1713 359 1796 pella
375 1710 431 1773 lib.
448 1705 481 1772 6.
497 1729 527 1790 p.
540 1721 624 1784 223.
663 1710 706 1770 Et
723 1706 761 1768 sto
776 1709 828 1770 alii
843 1723 993 1770 auctores.
1032 1707 1081 1768 Ab
1098 1702 1208 1765 occasu
1227 1702 1317 1764 Ind

276 1813 465 1879 terminant,
492 1809 620 1890 quidam
639 1828 655 1870 a
677 1809 902 1890 septemtrione
923 1809 1070 1870 extremis
1093 1807 1193 1867 Tauri
1216 1805 1311 1886 par·

274 1913 346 1984 but,
369 1924 406 1972 ut
419 1909 533 1975 Strabo
553 1921 607 1986 15.
625 1929 656 1991 p.
670 1909 791 1988 474.s
811 1912 894 1990 669.
919 1911 975 1991 qui
988 1910 1026 1970 ab
1043 1910 1156 1970 Ariana
1172 1907 1325 1989 porrigi

275 2016 315 2077 ad
334 2031 419 2074 mare
438 2013 555 2074 Eoum.
598 2011 726 2074 Solinue
744 2029 770 2072 o.
788 2011 810 2073 l.
831 2031 848 2072 a
868 2009 1091 2094 septemtrione
1105 2009 1144 2070 ad
1159 2022 1324 2069 montem

276 2111 447 2178 Caucasum
464 2110 628 2182 extendit,
652 2131 731 2193 quae
747 2125 853 2174 tamen
872 2113 982 2182 verba,
1017 2130 1089 2173 cum
1105 2129 1164 2174 neo
1184 2109 1324 2170 Plinius

275 2215 406 2284 habeat,
439 2211 623 2274 auctoribus
648 2213 755 2284 libris,
785 2215 938 2296 expunxit
959 2213 1131 2274 Salmasiue.
1184 2211 1316 2270 Plini

276 2318 372 2379 etiam
393 2315 425 2384 6,
442 2331 499 2376 21.
517 2311 538 2375 s.
561 2327 617 2389 17.
634 2314 873 2398 longitudinem
888 2335 905 2376 a
919 2313 1142 2396 septemtrione
1157 2313 1197 2373 ad
1216 2315 1324 2374 meri·

276 2417 361 2478 diem
374 2415 496 2478 definit.
524 2413 558 2476 st
574 2433 650 2478 vero
666 2415 806 2478 noslrum
820 2413 982 2486 intuearis,
999 2415 1036 2476 ad
1048 2414 1322 2496 septemtrionem

275 2517 370 2600 ponit
383 2515 524 2594 Scythae,
547 2515 636 2577 Sacae
650 2530 683 2578 et
698 2517 796 2587 Serae,
818 2519 1005 2597 Indiamque
1021 2517 1058 2576 ab
1073 2517 1143 2576 Eoo
1162 2517 1243 2574 mari
1264 2533 1322 2574 ex·

277 2619 413 2684 orditur,
464 2615 565 2699 lgltur
581 2617 620 2676 tle
637 2615 860 2698 septemtrione
876 2620 910 2678 in
927 2619 1036 2678 lnrliae
1052 2616 1195 2677 terminio
1219 2615 1321 2686 nihil,

277 2717 335 2778 nisi
357 2715 468 2777 verba:
503 2728 533 2776 et
556 2716 629 2776 lehre
654 2717 752 2778 Tauri
774 2719 870 2799 iugis,
896 2717 952 2778 ubi
975 2719 1082 2799 paullo
1102 2730 1174 2777 ante
1196 2715 1319 2780 Strabo

279 2819 432 2880 terminos
448 2835 465 2878 a
481 2814 705 2899 septemtrione
720 2817 866 2891 saciabat,
892 2838 931 2882 eo
947 2819 1027 2882 velia
1040 2817 1172 2888 referre,
1197 2819 1222 2881 i.
1243 2838 1278 2879 e.
1302 2837 1320 2878 a

278 2919 423 2989 Seribue,
450 2929 486 2978 ut
501 2931 524 2998 4
540 2918 644 3002 plagae
660 2919 700 2979 tic
716 2921 914 2990 indicentur,
939 2933 972 2981 et
989 2919 1225 3002 septemtrionis
1245 2939 1320 3000 par·

278 3033 345 3104 terp
366 3019 500 3100 aliquam
523 3032 668 3082 notatam
689 3019 812 3085 habere.
863 3022 950 3082 Tum
972 3040 1049 3084 vero
1072 3017 1160 3103 supra
1183 3019 1318 3081 cursum

279 3120 414 3183 omnino
435 3119 649 3182 adorientem
672 3120 844 3190 intellexit,
870 3122 905 3183 in
926 3123 1016 3184 cuiue
1034 3122 1147 3183 ultimo
1169 3123 1319 3183 termino

278 3235 312 3284 et
331 3220 403 3282 ludi
423 3217 504 3282 sunt.
555 3221 598 3282 Et
614 3219 728 3302 spectat
744 3222 842 3283 Tauri
856 3223 951 3285 etiam
968 3241 1039 3306 pare
1061 3223 1098 3284 ad
1117 3221 1319 3306 septemtrio·

278 3341 372 3392 nem,
407 3322 544 3384 maxime
567 3323 653 3382 unde
680 3324 779 3386 lndua
802 3323 967 3388 delabitur.
1027 3325 1174 3386 Indicum
1202 3335 1318 3385 autem

280 3422 445 3486 Oceanum
467 3421 505 3482 ab
526 3421 624 3482 insula
641 3423 846 3506 Taprobane,
870 3445 952 3506 quae
968 3425 1008 3486 erl
1021 3426 1145 3486 Eurum
1161 3442 1317 3505 promon-

279 3523 362 3584 torio
385 3521 540 3606 Celligico
569 3524 655 3602 (aliis
674 3525 717 3586 ell
739 3524 849 3602 Colis)
875 3525 1028 3599 subiacet,
1065 3526 1204 3608 incipere
1234 3525 1314 3586 dicit

279 3623 408 3687 Orosrue
430 3645 458 3696 r,
476 3637 508 3684 2.
531 3643 562 3704 p.
584 3637 637 3688 aa.
656 3626 706 3688 ed.
724 3627 860 3692 Haverc.

355 3813 706 3912 edificantibus)
744 3827 841 3911 Quod
858 3828 931 3890 licet
944 3829 981 3889 sit
995 3829 1163 3898 incertum,
1181 3839 1311 3910 propter

279 3924 465 3985 varietatem
489 3938 680 3996 ventorum,
713 3942 838 3990 veterae
861 3941 966 3991 tamen
989 3923 1099 4010 paffim
1119 3930 1201 3991 hanc
1219 3931 1311 3992 ratio·

279 4043 357 4087 nem
382 4035 576 4096 tenuerunt,
615 4040 650 4088 ut
674 4029 819 4110 inprimis
844 4043 931 4111 patet
955 4049 994 4091 ex
1019 4030 1155 4108 Scylaoie
1177 4030 1310 4114 periplo.

280 4143 305 4188 r.
323 4141 516 4187 oxonovrva
531 4125 608 4189 MS.
660 4129 712 4191 De
732 4128 829 4193 verbo
844 4144 953 4194 autem
972 4128 1145 4222 velificare,
1170 4133 1257 4213 quod
1277 4143 1311 4195 et
