2748 4888
215 337 240 406 0
487 329 651 390 nom
690 327 999 388 EXEGETICAE

219 507 287 594 Qu.
304 505 339 578 6.
363 514 418 586 ¹4-
442 503 535 568 Plalo
548 505 583 568 in
599 502 697 570 Polo.
711 525 744 588 p.
757 521 815 586 29.
831 505 905 588 Bip.
931 506 1033 584 Solio.
1050 523 1078 567 c.
1096 499 1282 586 911193.

220 611 278 674 nbi
292 607 434 672 nostrum
447 607 564 678 reddit,
588 619 621 670 et
637 627 716 690 qnae
732 609 831 669 multa
844 608 933 668 dabit
948 607 1068 690 Liplioe
1083 609 1116 668 in
1132 607 1281 685 Plyno-

221 711 306 798 logie
321 711 503 773 Stoicorum
516 707 573 771 lib.
593 725 625 771 9.
643 710 710 772 dill.
735 731 789 772 ro.
822 711 866 772 Et
880 710 956 770 hinc
970 723 1083 772 terram
1104 729 1179 770 cum
1196 725 1282 771 cor·

221 831 302 900 pore
323 813 494 874 animamie
516 827 701 894 comparant
722 808 851 894 paffim,
877 826 916 872 ιιι
939 811 1079 873 Luciline
1095 813 1210 873 iunior
1234 809 1279 872 in

222 913 325 980 lerna
339 933 372 978 r.
389 911 513 996 96199,
549 913 703 976 Ceterum
719 915 759 975 de
774 914 872 976 aellue
890 914 1005 976 marini
1021 913 1116 976 cnolle
1130 911 1170 975 cl.
1189 911 1280 974 Plu·

225 1017 325 1080 meh.
342 1015 382 1078 de
394 1015 516 1098 pleeitie
527 1014 640 1098 philol
659 1029 692 1096 3,
715 1031 769 1088 ²7·
797 1015 881 1078 Plio.
900 1031 932 1086 9,
948 1033 1007 1096 99.
1025 1013 1116 1095 i.97.
1143 1013 1279 1080 Luem.

231 1137 261 1186 ι.
277 1129 351 1198 4⁰9
370 1115 431 1200 199.
468 1117 606 1180 Eumen.
621 1119 654 1178 in
677 1137 827 1201 panegyr.
848 1119 886 1180 ad
901 1116 1065 1182 Constant.
1079 1114 1167 1180 caer.
1182 1136 1212 1178 c.
1232 1115 1279 1182 6.

225 1231 261 1283 et
279 1237 359 1301 qooe
381 1219 508 1280 landent
532 1217 675 1282 lloderue
690 1237 724 1282 et
743 1219 941 1282 Freinshem.
960 1217 1213 1298 9111191999,
1232 1233 1281 1296 9.

227 1319 329 1386 coma
353 1323 390 1382 ad
416 1322 524 1406 virgil.
543 1321 660 1406 Georg.
683 1337 716 1388 9.
733 1331 818 1400 480.
839 1323 964 1404 aliique.
1014 1321 1063 1382 Ex
1083 1319 1282 1384 recentiori·

226 1421 287 1487 bne
303 1419 342 1485 ei.
359 1423 439 1486 Otto
454 1425 488 1485 ln
505 1420 600 1504 Phys.
618 1421 804 1488 Erdbeichr.
816 1423 857 1488 T.
878 1446 907 1488 1.
922 1446 957 1509 p.
975 1431 1047 1503 5⁸20
1064 1419 1128 1505 sqq.

302 1613 530 1718 depressi)
557 1627 716 1699 Excavali,
741 1641 778 1690 ut
796 1629 893 1690 molta
909 1622 1026 1711 pollini
1038 1645 1158 1711 cepere.
1180 1618 1280 1708 quod

229 1726 339 1810 ulique
354 1747 420 1791 non
439 1727 628 1812 supponitur
644 1729 762 1794 lactum
777 1730 836 1793 elle
854 1731 1043 1814 premendo.
1061 1731 1147 1812 quod
1161 1741 1279 1790 tomen

229 1843 313 1894 certe
328 1831 371 1892 ell
384 1831 419 1893 in
436 1831 498 1895 hoc
513 1833 697 1914 compolito.
724 1831 774 1896 led
791 1834 843 1896 vel
858 1852 1045 1917 quecunque
1061 1832 1192 1901 ratione,
1218 1829 1279 1889 vel

229 1929 432 1995 effodiendo:
466 1934 557 1996 datur
581 1933 644 1996 hoc
662 1936 807 2019 egricolie
828 1949 862 1999 et
885 1934 1077 1998 mechanicis
1090 1933 1219 2017 proprie
1237 1925 1279 1990 in

229 2029 305 2096 iolla
327 2030 485 2104 iaciendo,
511 2049 547 2096 ut
568 2036 651 2118 apud
666 2037 768 2098 Tacit.
791 2036 876 2101 llnn.
899 2055 953 2108 12,
976 2049 1035 2115 57.
1060 2037 1163 2114 operir
1181 2029 1280 2095 baud

222 2123 317 2226 satir
336 2128 474 2225 depreffi
501 2155 558 2218 pro
574 2155 638 2218 quo
656 2135 757 2200 llatim
773 2137 853 2200 dicit
865 2133 977 2230 effoffi,
1000 2140 1056 2220 qni
1071 2138 1169 2199 eliam
1184 2137 1272 2197 Ann.

237 2245 293 2312 15.
309 2243 369 2318 42.
387 2235 464 2298 dicit
481 2235 651 2316 deprr'mere
661 2230 800 2328 sistam.
828 2259 852 2302 1.
879 2259 1075 2303 onouovrve
1089 2238 1166 2302 MS.
1217 2236 1274 2298 sic

232 2333 361 2400 deloco
378 2339 412 2398 in
429 2339 680 2403 carcereSallull.
697 2340 863 2405 delicat.
878 2354 938 2420 55.
955 2357 988 2423 3.
1011 2331 1170 2430 depreffus
1185 2336 1274 2398 locus

232 2435 379 2504 Frontin.
397 2459 425 2510 r.
442 2453 475 2519 5.
495 2451 553 2522 24.
574 2432 672 2530 foffa
691 2443 870 2506 Columella
887 2459 919 2514 9.
941 2457 997 2522 15.
1016 2432 1145 2533 scrobes
1164 2452 1196 2519 3.
1218 2449 1273 2516 ¹5·

231 2539 428 2624 Simpliciter
443 2563 501 2626 pro
519 2563 557 2606 eo
576 2543 718 2609 Frontin.
739 2563 769 2614 1.
787 2557 820 2623 5,
839 2559 872 2624 3.
892 2546 971 2606 dicit
987 2564 1124 2626 premere
1135 2531 1273 2632 seffori,

232 2637 289 2702 obi
312 2639 352 2706 cl.
371 2643 631 2728 Oudendorpiue.
684 2646 799 2710 Cicero
824 2648 857 2708 in
875 2649 996 2711 Verrio.
1018 2660 1052 2726 5,
1075 2659 1134 2718 97.
1151 2635 1273 2735 saxum

232 2741 266 2804 in
291 2743 469 2808 mirandam
491 2747 724 2813 multitudinem
748 2743 932 2840 depreffirm.
982 2749 1045 2812 Pro
1069 2765 1109 2808 eo
1131 2745 1273 2805 Lucilius

235 2843 351 2908 Iunior
372 2848 406 2908 in
430 2848 530 2930 Aetna
553 2872 585 2914 v.
616 2867 696 2933 139.
729 2865 827 2915 antra
849 2846 982 2942 clemiffis
1001 2840 1114 2941 effoffa
1135 2843 1272 2910 latebrir.

232 2943 279 3008 lte
297 2967 374 3010 vero
390 2949 515 3016 Seneca'
525 2951 565 3015 N.
585 2953 649 3037 Qu.
670 2967 702 3033 5,
725 2966 779 3034 ¹4·
794 2955 838 3018 in.
854 2945 987 3048 specum
1007 2968 1040 3016 et
1061 2939 1205 3040 receffum
1226 2947 1271 3008 irr-

232 3049 374 3112 trriorem
395 3064 547 3116 terrarum
569 3069 814 3123 commemorat.

313 3255 612 3341 reciprocato)
663 3261 716 3323 Sic
741 3261 859 3325 Seneca
886 3259 920 3321 in
945 3256 1063 3321 consol.
1092 3255 1131 3320 ai
1157 3251 1268 3334 Polyb.

234 3373 262 3419 c.
281 3365 340 3438 94.
361 3379 445 3420 more
459 3357 592 3423 alternis
606 3358 741 3454 assibus
762 3363 972 3442 reciprocum
1005 3361 1060 3424 Sil.
1079 3358 1148 3421 ltal.
1163 3372 1196 3436 3,
1213 3359 1268 3420 60.

233 3459 394 3538 reciproca
418 3460 553 3544 Tethys:
581 3463 741 3526 Ammien.
759 3479 816 3542 97,
837 3477 871 3542 8.
895 3481 997 3535 marn
1025 3461 1268 3539 Ρ1191919,,99.

233 3553 255 3623 1.
270 3572 331 3640 97.
353 3561 561 3642 reciprocare.
588 3577 621 3627 el
637 3563 678 3626 lic
693 3565 759 3629 alii.

308 3761 355 3826 lu
370 3785 391 3827 rr
407 3767 456 3851 a)
517 3768 555 3828 ln
586 3787 626 3831 eo
652 3765 773 3830 caulem
799 3767 959 3852 plerique,
993 3779 1143 3831 veterum
1168 3763 1267 3834 etiam,

233 3867 447 3948 quaesierunt.
479 3866 591 3932 uiuet
617 3871 811 3954 experientia
834 3873 958 3941 edocti.
988 3883 1023 3930 ut
1048 3869 1137 3951 supra
1161 3865 1267 3927 laudati

235 3981 379 4033 auctores
399 3969 573 4035 docebunt.
615 3971 780 4036 cleliam
798 3972 1022 4058 Bougoinville
1042 3969 1092 4031 iur
1113 3971 1141 4030 la
1157 3969 1208 4030 vie
1226 3991 1268 4012 -·

141 4066 148 4107 l
236 4069 276 4134 de
294 4071 435 4156 Pytheas
452 4077 487 4138 in
503 4073 681 4141 Memoiree
700 4109 741 4124 -
763 4075 804 4138 de
820 4073 908 4138 Pario
924 4075 966 4138 T.
986 4090 1042 4154 19.
1059 4092 1093 4156 p.
1111 4079 1191 4152 ¹49·
