2748 4888
310 387 352 450 60
503 382 510 390 ⁴
580 391 741 450 noctu
782 393 1085 452 uxaoarrcau

309 576 399 651 paret
412 579 453 626 ex
467 563 651 628 Ptolemaeo
670 581 703 636 a,
719 583 752 645 9.
769 564 789 628 i.
814 587 908 646 quern
927 579 1032 630 tamen
1048 586 1122 628 com
1132 566 1250 630 Orolio
1267 567 1307 638 6.
1326 577 1367 639 fit

310 663 466 749 suspectae
487 667 669 750 diligentiae
690 665 896 728 incusandum
913 683 1003 751 putat
1019 670 1139 730 liliiller
1152 671 1189 730 ad
1206 667 1366 737 Gntlrffl

309 768 445 852 Aligem.
463 766 689 830 Welt-Gelch.
716 768 785 830 Vol.
809 785 861 842 17.
887 771 927 831 T.
950 791 979 831 r.
1003 790 1076 854 pag.
1090 771 1149 833 60.
1203 771 1366 850 Populea

309 883 540 931 commemorat
557 871 692 930 omnino
713 883 754 946 15
771 869 881 931 Strabo
898 890 924 931 c.
940 873 961 932 l.
988 873 1103 952 quibua
1117 871 1226 952 postea
1244 858 1367 955 plnrd

308 967 509 1064 accesserunt.
551 969 603 1032 cf.
619 971 785 1032 decorum
806 969 935 1032 recensu
956 973 1090 1034 Valesius
1106 972 1172 1036 c.l.
1351 994 1367 1044 *a

383 1163 535 1263 Ausci)
584 1173 636 1236 Sic
660 1186 813 1234 vocantur
833 1192 849 1234 a
873 1173 933 1237 lul.
954 1171 1081 1237 Caesare
1101 1187 1134 1237 et
1154 1175 1227 1236 eiua
1254 1173 1367 1262 inrerq

307 1286 408 1356 prete,
435 1287 472 1334 ut
487 1275 526 1336 de
540 1272 578 1336 B.
594 1275 633 1338 G.
652 1288 683 1353 5.
702 1288 759 1347 27.
787 1287 817 1336 at
831 1275 1012 1337 aStrabone
1027 1287 1061 1354 4.
1077 1297 1108 1357 p.
1129 1273 1249 1352 132.s.
1267 1263 1367 1353 tymi

308 1389 342 1437 et
365 1375 502 1437 Ptolem.
528 1389 560 1444 Ω,
585 1389 616 1448 7.
638 1363 789 1446 Δῦσκιοὶ,
823 1387 859 1436 ut
881 1367 989 1466 Arrscii
1009 1377 1043 1437 in
1067 1377 1190 1438 vetolio
1214 1391 1367 1464 auctoni

306 1477 439 1538 notitiae
463 1477 629 1538 civitatum
651 1477 779 1540 Galliae.
829 1468 1009 1568 Auscenser‘
1020 1490 1173 1538 vocantur
1195 1497 1215 1538 a
1231 1478 1355 1544 Sidou.

306 1578 447 1660 Apollin.
464 1592 498 1648 a,
515 1593 547 1641 2.
566 1598 616 1660 ep.
633 1579 667 1641 6.
693 1577 749 1637 nbi
766 1599 797 1658 p.
815 1587 900 1658 432.
917 1577 1097 1660 posterioria
1111 1577 1180 1639 aevi
1199 1579 1367 1662 gentiliq]

307 1700 340 1742 v.
357 1700 385 1742 c.
408 1669 543 1772 Auseae,
568 1670 719 1770 Anseins‚
743 1670 919 1770 Auseiensts
940 1680 1053 1741 adtulit
1073 1680 1203 1741 Sar-aro.
1243 1682 1292 1741 Et
1311 1677 1367 1740 lie¹

307 1781 443 1866 Gregor.
467 1782 591 1844 Turon.
613 1780 682 1842 hist.
699 1791 732 1856 8,
760 1795 816 1842 22.
839 1772 1005 1871 Arescenfls
1031 1771 1205 1871 episcopias.
1252 1781 1366 1842 Plura¹

304 1881 552 1944 subministrabit
572 1883 708 1943 Valesius
730 1883 763 1942 in
781 1894 849 1944 not.
868 1883 992 1944 Galliar.
1013 1901 1082 1966 pag.
1102 1883 1161 1956 67.
1219 1883 1352 1943 Eorum

305 1983 419 2046 urbem
434 1985 633 2064 praecipuam
648 2003 724 2044 mox
737 1997 968 2046 commemorat
982 1982 1092 2045 Noster
1107 1981 1350 2050 Cliumhemrm.

305 2085 347 2146 de
371 2084 460 2144 cuiue
483 2080 632 2164 scriptura
659 2084 781 2146 dictum
810 2084 853 2146 eli
878 2085 912 2144 in
941 2097 1007 2145 not.
1032 2086 1100 2145 crit.
1124 2104 1192 2168 pag.
1215 2101 1265 2159 72
1284 2081 1366 2164 sqq.

303 2183 472 2246 D'Anville
486 2183 522 2244 in
535 2186 642 2244 notice
658 2184 697 2246 de
714 2183 741 2245 la
758 2185 857 2247 Gaulo
874 2185 1009 2265 explicat
1023 2203 1063 2244 ex
1078 2185 1185 2270 lingua
1202 2183 1347 2249 Celticae
1365 2253 1367 2264 ζ

303 2283 378 2346 'tarsis
408 2305 503 2347 nove.
554 2285 757 2347 Ptolemaeua
778 2302 810 2356 a.
836 2302 868 2360 7.
896 2284 1071 2346 tuscorum
1101 2287 1216 2347 urbem
1246 2301 1345 2346 unam

303 2383 406 2448 adfert
421 2383 613 2478 Angustam,
638 2387 726 2448 nnde
747 2388 857 2448 eadem
873 2387 1004 2448 videtur
1024 2399 1145 2448 mutato
1161 2386 1275 2466 postea
1289 2401 1347 2447 nu·

303 2490 410 2558 mine,
444 2489 497 2547 vel
518 2501 623 2549 aucto.
667 2484 719 2550 ef.
740 2487 875 2548 Valesrus
895 2506 922 2549 c.
945 2486 966 2548 l.
1020 2487 1116 2570 Quod
1133 2501 1225 2570 putat
1246 2487 1345 2549 d’Au·

303 2589 381 2651 ville
396 2609 423 2652 c.
441 2588 462 2647 l.
484 2589 595 2650 eadem
611 2587 653 2650 est
673 2590 706 2648 in
721 2588 889 2648 Ammiano
908 2600 962 2664 15.
983 2607 1039 2651 tr.
1057 2587 1077 2650 s.
1094 2601 1153 2666 23.
1174 2580 1290 2678 Ausci.
1309 2587 1344 2648 iu

303 2689 410 2753 itiner.
429 2687 583 2751 Hierosol.
601 2709 632 2771 p.
653 2699 736 2765 550.
757 2689 877 2749 ciuitas
890 2680 1039 2778 Auscius,
1066 2689 1100 2750 in
1117 2690 1235 2751 notitia
1251 2689 1342 2750 eicit.

304 2791 384 2852 Gall.
406 2790 585 2869 metropolis
611 2790 731 2850 ciuitas
756 2781 959 2880 Ausciorum,
999 2791 1101 2850 Auen
1124 2791 1158 2850 in
1184 2785 1343 2852 nouerant

304 2890 454 2953 Toletani
494 2889 620 2952 historia
661 2888 815 2959 Arabum,
859 2902 894 2951 et
926 2881 1107 2981 Vaseoniae
1145 2889 1342 2971 metropolit.

306 2993 421 3056 Clarae
450 3007 570 3053 nornen
598 2991 692 3052 etiam
719 2990 774 3071 ipsr
802 2990 948 3052 tribuunt
976 2991 1097 3053 vetusta
1125 3003 1343 3054 monumenta

302 3093 448 3158 ecclesiae
475 3089 664 3160 Auscienfim
699 3105 830 3153 notante
855 3091 1030 3154 Oihenarto
1054 3092 1087 3152 in
1111 3105 1180 3154 not.
1206 3091 1341 3153 Vascon.

304 3210 337 3272 3,
364 3205 397 3271 8.
420 3213 489 3276 pag.
510 3202 595 3272 445.
646 3191 743 3254 Plura
772 3193 858 3279 leger
883 3192 924 3256 de
954 3211 990 3256 ea
1020 3193 1056 3254 in
1082 3191 1193 3256 Valelii
1221 3191 1343 3258 notitia

303 3297 382 3360 Gall.
407 3315 439 3378 p.
460 3295 520 3370 67.

377 3494 532 3578 Aedui)
574 3498 624 3558 De
639 3493 785 3576 scriptura
801 3491 930 3555 disserui
948 3495 982 3555 in
998 3507 1066 3556 not.
1084 3496 1153 3558 crit.
1176 3515 1208 3577 p.
1227 3495 1281 3576 69
1299 3493 1340 3577 sq.

302 3596 388 3662 Cum
407 3597 520 3660 Nostro
536 3596 692 3659 consentit
710 3597 768 3656 lul.
785 3591 871 3656 Caes.
889 3591 933 3654 ‹le'
945 3595 981 3656 B.
1000 3597 1039 3658 G.
1054 3598 1086 3666 6,
1105 3615 1159 3660 ra.
1182 3599 1238 3677 qni
1258 3595 1340 3658 sum·

301 3717 388 3761 mam
405 3717 515 3760 eorum
532 3697 749 3758 auctoritatem
764 3692 937 3774 antiquitus
952 3693 1040 3757 luisse
1056 3699 1154 3767 addit,
1175 3713 1209 3758 et
1228 3716 1259 3767 ι,
1276 3709 1336 3778 45.

302 3799 393 3862 omni
412 3811 553 3880 tempore
569 3799 666 3859 totiue
676 3795 794 3858 Galliae
809 3795 1019 3876 principatum
1034 3797 1167 3858 tenuisse
1182 3797 1337 3868 adfirmat,

301 3912 339 3961 rat
356 3899 437 3958 Hirr.
454 3907 487 3972 8,
504 3899 563 3977 46.
590 3911 623 3960 et
637 3893 746 3980 palsnn
761 3897 841 3956 adeo
856 3915 966 3957 eorum
983 3897 1112 3959 clientes
1125 3896 1279 3972 recenset,
1303 3901 1336 3960 iu

301 4001 414 4085 primia
432 4011 463 4070 7.
487 4011 545 4074 75.
597 3997 683 4060 Cum
705 3997 858 4059 Romania
886 4009 958 4057 ante
982 3997 1055 4055 lulli
1077 3995 1215 4060 Caesarie
1242 4017 1336 4086 expe·

302 4101 461 4166 &tionem
486 4097 533 4163 ita
556 4111 647 4163 erant
667 4099 847 4171 coniuncti,
880 4109 917 4158 ut
940 4095 1065 4162 lenatuc
1087 4117 1143 4164 eoo
1164 4097 1280 4167 fratrer
1303 4113 1335 4165 et
