2650 4896
281 419 348 492 ῃ
549 405 715 470 nom
753 407 1057 468 arnonrrcar

281 583 354 676 ipio
379 576 549 650 menore
569 576 738 655 Plinium,
767 579 826 668 qui
841 583 877 655 6,
895 585 952 647 96.
970 581 992 646 ἱ
1011 595 1069 658 os.
1090 594 1125 643 et
1141 581 1235 658 32.[
1255 591 1302 659 98.

282 687 494 754 intervallum
513 681 613 748 iaciat
630 697 676 763 5o
693 685 742 746 Μ.
758 685 794 748 P.
822 703 883 769 pro
902 703 970 770 quo
993 697 1016 762 5
1036 681 1158 744 mciiua
1180 682 1303 746 [eribert-

281 791 366 854 dnm
386 785 553 850 existimat.
605 787 646 850 At
666 782 877 848 latitudinem
900 784 974 848 cina
997 782 1086 846 intcr
1108 780 1254 848 Arabiam
1275 799 1305 846 et

281 886 495 958 carmaniam
512 885 614 950 etiam
632 884 711 950 iacit
725 897 800 966 4oo
815 883 992 948 stadiorum
1005 886 1213 970 Agathemer.
1233 910 1259 957 ι,
1275 901 1302 965 3.

282 1011 369 1082 quac
388 986 536 1054 efficiunt
553 1001 600 1068 50
615 988 663 1050 Μ.
675 989 713 1051 Ρ.
743 985 902 1051 Arrianus
922 985 959 1050 iu
975 985 1107 1072 periplo
1127 985 1226 1048 mario
1238 989 1303 1066 Ery·

282 1089 390 1158 thraci
411 1113 443 1176 p.
459 1111 504 1154 m.
524 1108 580 1154 9ο.
597 1087 742 1174 (fluat)
762 1089 863 1151 habet
882 1091 954 1153 600
974 1086 1072 1153 stadia
1096 1085 1226 1152 circiter
1244 1085 1263 1151 i.
1278 1109 1301 1150 e.

283 1208 333 1276 75
348 1194 394 1256 Μ.
407 1195 444 1258 Ρ.
477 1193 666 1256 Harmozon
681 1211 730 1274 pr.
744 1205 1021 1253 commemoratur
1035 1187 1141 1251 etiam
1152 1210 1171 1250 a
1183 1186 1303 1251 Marcia·

282 1315 329 1362 no
346 1318 378 1381 p.
394 1313 451 1358 9ι.
475 1294 564 1380 quod
579 1294 777 1354 Harmazum
793 1291 836 1355 est
846 1292 985 1359 Ptolem.
1003 1293 1037 1363 6,
1054 1304 1090 1370 8.
1125 1286 1304 1354 Carmaniae

283 1395 424 1464 omnino
441 1391 708 1481 promontorium
727 1389 814 1458 Ptin.
829 1395 866 1471 6,
885 1395 943 1458 96.
959 1393 981 1456 i.
999 1408 1056 1474 95.

357 1595 542 1681 cervice)
592 1595 701 1660 Collo.
741 1596 827 1658 Nam
852 1595 998 1660 Perficnr
1029 1597 1116 1658 finus
1138 1612 1238 1678 prope
1262 1611 1304 1654 oa·

281 1696 362 1789 pitin
380 1695 522 1784 effigiem
543 1698 661 1772 habet,
693 1711 726 1762 et
743 1693 899 1761 introitur
915 1695 1055 1762 cert-icio
1074 1693 1302 1782 proceritatem

282 1819 471 1868 notura.

357 2002 501 2068 reddit
531 1995 741 2094 sormam)
722 1997 859 2084 >Uti
884 1997 1078 2078 Curtiua3,
1108 2019 1141 2074 9,
1165 2011 1197 2079 5.
1218 1991 1305 2092 scota

283 2117 388 2170 utrae
405 2095 684 2196 maximoffircirm
699 2101 879 2176 reddentia,
905 2117 1039 2166 notante
1055 2101 1113 2166 hic
1128 2099 1301 2166 Ciacconio.

282 2208 401 2270 Formo
419 2218 453 2265 et
466 2195 593 2296 specior
614 2201 694 2267 hinc
715 2201 981 2288 coniunguntur,
1016 2204 1058 2265 dc
1079 2224 1147 2289 quo
1164 2205 1300 2266 Garatom

283 2305 326 2370 ad
342 2302 478 2368 Cicer.
467 2325 504 2366 tn
519 2321 622 2388 agrar.
641 2323 675 2376 9,
696 2319 750 2386 ι8.
781 2305 971 2386 Exemplum
988 2318 1020 2366 rt
1037 2300 1125 2402 effig'
1112 2327 1171 2366 tem
1187 2302 1301 2365 virtretir

282 2405 409 2472 reddero
436 2403 520 2469 dixit
544 2404 618 2470 Liv.
643 2407 701 2480 96,
729 2416 783 2486 ¹4-
805 2421 885 2470 cxtr.
921 2402 1102 2478 Pliniuao,
1127 2416 1185 2482 98.
1208 2404 1298 2480 [94.

282 2506 435 2574 Nostrum
459 2505 1186 2600 secutua‚s1c:sttrsairsbumanicapitis
1203 2497 1300 2598 offigit.

151 2606 156 2619 ’
282 2605 372 2673 Hinc
387 2609 480 2670 velut
492 2599 610 2700 spatio
625 2607 794 2671 daromam
805 2606 902 2701 finiri
916 2605 1027 2670 scribit
1041 2605 1232 2671 Ammianus
1247 2603 1297 2666 ci

281 2709 399 2776 strabo
419 2710 473 2773 16.
493 2730 526 2792 p.
543 2721 588 2788 59
593 2708 626 2774 6.
646 2706 669 2771 i.
695 2711 777 2789 765.
803 2709 844 2772 de
865 2707 968 2772 forma
990 2710 1133 2773 rotunda
1156 2711 1212 2772 60.
1245 2696 1299 2766 ciri

282 2807 345 2876 τοῦ
372 2804 538 2900 στόματος
561 2803 580 2896 ἦ
601 2805 632 2875 ἓν
654 2798 747 2898 δεξιᾷ
771 2807 919 2900 παραλία
939 2806 1114 2900 περιφερὴς
1134 2796 1216 2874 οὖσα
1238 2799 1300 2868 κατ’

283 2906 404 3030 ἂρχας
422 2909 481 2999 μὲν
513 2904 579 2975 art
606 2911 663 2998 τῆς
685 2908 876 3000 Καρμανίας
901 2907 979 3000 πρὸς
1004 2906 1045 2976 ἕω
1070 2908 1203 3001 μικρὸν,
1236 2897 1297 2970 εἶτα

238 3077 239 3080 ,
281 3006 361 3134 πρὸς
380 3001 502 3100 ἄρκτον
525 3003 625 3086 νεύει,
661 3005 717 3076 καὶ
741 3008 828 3101 μετὰ
855 3013 966 3077 ταῦτα
990 3007 1067 3100 πρὸς
1095 3009 1155 3100 τὴν
1179 3004 1299 3094 ἑσπέραν

280 3111 380 3235 Qut
394 3107 562 3204 Τεριδόνος
579 3105 634 3178 καὶ
655 3114 713 3198 τῆς
733 3109 870 3201 ἐκβολῆς
887 3134 948 3178 roo
937 3103 1088 3202 ΕὖΦρ’
1066 3135 1160 3180 arou.
1186 3102 1273 3172 ttoni
1276 3125 1299 3165 ⁰·

281 3210 375 3304 τερὴς
394 3230 531 3278 vocatur
543 3215 583 3276 ab
597 3215 814 3303 Agathemero
835 3235 864 3288 ι,
885 3229 917 3292 3.
950 3211 1064 3278 Adluit
1078 3233 1168 3277 oram
1183 3211 1297 3275 Canna·

282 3313 376 3388 niae,
403 3312 558 3388 Perfidia,
592 3316 743 3378 Sufianae
767 3329 800 3378 et
822 3313 941 3399 partim
967 3315 1187 3394 Babyloniae,
1213 3326 1243 3374 et
1263 3307 1296 3367 ab

282 3418 381 3480 altaro
397 3416 495 3478 latere
509 3412 682 3495 Arabiam,
707 3419 886 3504 paulloquo
902 3415 1011 3479 minor
1029 3415 1089 3490 est,
1115 3435 1211 3503 quam
1225 3413 1296 3473 Pon·

281 3531 334 3580 tut
354 3513 523 3593 Euxinus,
549 3512 599 3578 uti
620 3533 734 3580 monet
748 3519 881 3593 Strabo,
908 3515 964 3605 qui
981 3534 1014 3580 et
1028 3533 1203 3604 utrumque
1223 3515 1295 3575 latu

282 3617 322 3680 ab
343 3613 421 3679 ostio
442 3616 484 3678 ad
506 3616 716 3681 Terodonem
744 3634 778 3682 et
802 3633 891 3682 retro
913 3617 983 3704 pari
1016 3615 1221 3704 longitudine
1243 3607 1293 3673 effe

280 3716 450 3790 adfirmat,
474 3717 563 3782 unde
576 3715 797 3783 conficiuntur
816 3737 948 3791 90,000
964 3718 1078 3794 stadia,
1101 3711 1293 3807 quodetiam

279 3817 575 3883 habetAmnaianus
586 3837 615 3888 c.
627 3821 647 3883 l.
672 3817 771 3884 Ponti
788 3818 949 3884 ambitum
964 3819 1165 3885 facitStrabo
1177 3829 1290 3897 25.000

280 3917 476 3992 stadiorum,
498 3935 537 3982 ut
550 3917 629 3983 alibi
645 3917 771 3992 dictum
787 3919 839 3986 est.
872 3921 1061 3986 Marcianus
1079 3943 1152 4008 pag.
1170 3937 1224 4003 39.
1244 3907 1290 3975 ali·

280 4037 440 4106 quantum
468 4017 605 4095 minuit,
645 4021 729 4087 forte
753 4039 943 4108 corruptus,
981 4025 1060 4086 dum
1092 4023 1186 4108 ponit
1208 4009 1290 4082 696ἱᾶ

278 4115 399 4206 peripli
417 4133 526 4204 5750.
553 4124 640 4188 Cum
654 4125 814 4190 Strabone
828 4122 1036 4191 consentiunt
1048 4126 1213 4212 Agathem.
1227 4142 1254 4194 t,
1263 4125 1290 4190 3·
