2696 4896
264 423 322 470 tot
531 414 692 474 notan
733 415 1039 482 EXEGETICAE

265 607 299 672 p.
317 595 403 666 420.
430 586 721 674 Schweighaeuser.
746 594 784 656 ed
806 595 941 680 Appian.
958 600 1027 662 Vol.
1046 611 1078 678 5.
1100 616 1132 679 p.
1153 611 1241 674 171.
1271 608 1324 668 et·

268 687 324 770 qui
349 687 382 748 id
405 691 520 773 cupide
542 693 673 776 adripit,
704 695 823 758 Martia
847 700 888 759 in.
903 700 973 763 hist.
998 701 1054 762 dee
1074 699 1190 763 Gaulea
1212 701 1261 762 Τ.
1286 719 1323 762 ι.

268 810 302 872 p.
323 799 402 868 ¹⁰4·
439 791 524 853 Hinc
542 793 638 854 etiam
659 799 742 878 apud
759 799 950 864 Ciceronem
967 802 1007 866 de
1023 805 1167 884 provinc.
1183 800 1322 864 consui.

270 909 337 971 cap.
357 901 390 968 8.
414 889 522 954 beilum
540 893 696 958 Gallicum
718 921 735 962 a
754 901 856 963 Mario
879 903 999 986 gessum
1017 906 1150 974 dicitnr,
1176 905 1225 964 uti
1242 901 1324 984 post

272 1004 305 1054 ct
321 989 416 1056 Tusc.
435 994 498 1078 Qu.
520 1007 551 1073 5,
572 1015 626 1076 19.
648 1001 785 1063 victoria
802 1002 971 1068 Cimbrica.
1006 1006 1134 1090 Nempe
1149 1025 1189 1067 ex
1205 1003 1322 1066 Gallia

272 1092 448 1154 instabam
468 1098 669 1179 irruperunt,
694 1116 726 1163 et
742 1123 758 1164 a
775 1103 878 1167 Mario
898 1104 1024 1188 reprcffi
1040 1105 1126 1178 sunt,
1153 1122 1190 1167 ut
1211 1103 1323 1166 refert

275 1192 388 1256 Cicero
404 1195 444 1257 de
460 1201 604 1280 provinc.
626 1201 710 1266 cons.
731 1225 797 1287 cap.
821 1219 875 1286 15.
926 1207 1023 1270 Causa
1040 1209 1117 1280 haec
1134 1209 1192 1278 est.
1221 1206 1323 1288 quod

275 1310 365 1371 erant
392 1297 473 1359 Galli
498 1298 520 1362 s.
547 1301 655 1366 cenae
685 1305 865 1369 Cimbricae
897 1311 1039 1393 originie.
1109 1309 1231 1373 Priscae
1262 1325 1322 1369 eo·

275 1415 347 1456 rum
373 1393 476 1470 sedec,
503 1401 657 1467 Strabone
678 1407 751 1469 tesie
769 1409 919 1492 aliisque,
949 1410 1094 1482 suerunt,
1115 1413 1178 1500 ¹nbi
1199 1409 1323 1472 Noster

275 1497 405 1570 indicat,
422 1501 474 1562 ille
490 1505 597 1574 etiam,
610 1508 738 1592 Augusti
750 1523 849 1573 aetate
859 1509 957 1586 suiss'e,
973 1529 1059 1577 certo
1075 1515 1196 1576 indicio
1206 1513 1323 1573 docet.

276 1595 391 1661 Nosiro
409 1601 452 1664 esi
467 1595 671 1692 supercilium
693 1610 778 1674 sinna
794 1613 936 1687 Codani,
963 1617 1068 1679 Plinio
1083 1626 1116 1700 4,
1136 1631 1193 1690 27.
1214 1611 1234 1676 s.
1262 1625 1325 1690 ις.

276 1699 320 1761 esi
340 1709 589 1780 promontorium
616 1709 830 1788 Cimbrorum,
862 1719 945 1800 quod
972 1719 1123 1802 longeio
1144 1717 1242 1780 maria
1266 1733 1325 1776 ex·

278 1819 405 1866 currens
432 1825 530 1888 paene
557 1808 691 1874 insulam
717 1813 831 1888 efficit,
864 1837 943 1900 quae
969 1820 1097 1883 Cereris
1120 1818 1327 1900 adpellaruri

276 1900 309 1965 h.
327 1903 428 1986 stage
445 1927 461 1968 a
480 1913 626 1990 proximo
649 1935 741 1999 pago.
794 1916 898 1982 Paene
921 1920 1019 1982 insula
1042 1936 1149 1982 eutem
1171 1921 1224 1980 iila
1252 1917 1326 1977 fine

278 2003 379 2066 dubio
405 2007 448 2069 est
472 2001 695 2105 Chersonesus,
721 2039 816 2100 quam
837 2020 952 2084 Strabo
970 2037 1004 2098 7.
1025 2043 1059 2106 p.
1077 2038 1162 2085 202.
1185 2019 1206 2084 s·
1228 2029 1325 2096 293·

279 2117 313 2165 et
334 2119 457 2168 tantum
480 2129 546 2172 non
570 2133 683 2178 omnee
705 2121 758 2180 aiii
780 2135 906 2185 vocant.
945 2125 1104 2207 Spenerue
1123 2124 1212 2186 enim
1231 2133 1268 2197 5.
1295 2138 1325 2180 1·

279 2225 312 2286 p.
329 2217 362 2282 5.
382 2229 408 2270 c.
430 2209 452 2270 1.
477 2225 649 2277 extremam
674 2234 796 2282 tantum
821 2223 1058 2319 paeneinsulae
1080 2242 1201 2310 partem
1226 2219 1328 2282 intel·

280 2304 362 2390 ligit.
402 2309 444 2371 At
465 2320 723 2394 promontoriorn
745 2323 820 2384 illud
842 2345 941 2407 paene
963 2325 1094 2389 insulam
1116 2326 1205 2396 sacit,
1233 2341 1326 2386 eam·

280 2427 343 2490 que
364 2409 416 2472 hic
437 2414 517 2478 smit.
569 2419 696 2482 Primus
713 2437 820 2485 antem
839 2427 1040 2490 Ptolemaeus
1058 2445 1090 2500 2,
1111 2448 1165 2493 ιι.
1183 2422 1327 2492 ChersO·

279 2508 390 2571 nesum
406 2513 491 2575 issam
512 2523 638 2582 vocavit
657 2523 863 2599 Cimbricam,
885 2545 934 2600 et,
959 2531 1043 2610 quod
1060 2531 1175 2616 gradne
1189 2532 1326 2596 docent,

280 2607 374 2693 super
391 2614 496 2677 Albim
513 2625 623 2700 ponit,
650 2623 797 2689 Cimbros
812 2645 916 2692 autem
937 2630 1020 2713 ipsos
1041 2632 1154 2694 diserte
1169 2632 1327 2694 omnium

281 2709 357 2776 facit
374 2709 637 2811 ἂρκτικωτὲρους.
677 2727 766 2810 Quae
782 2750 853 2791 curn
864 2731 986 2814 optime
1002 2755 1076 2796 curn
1090 2734 1173 2796 Mela
1188 2730 1327 2796 consen·

285 2818 382 2886 tiant,
415 2823 470 2899 qui
502 2824 535 2882 in
571 2824 733 2908 supercilio
765 2833 877 2913 ponit,
911 2855 979 2897 non
1004 2836 1120 2908 video,
1150 2833 1326 2916 q¹1⁰m⁰d⁰

283 2915 403 2980 Martia
424 2921 456 2980 in
472 2919 540 2986 hist.
555 2926 610 2988 dee
629 2929 742 2994 Gaulec
762 2933 803 2994 T.
827 2953 855 2994 r.
873 2955 906 3016 p.
928 2957 1008 2999 ror.
1025 2937 1218 3000 contendere
1234 2947 1327 2996 recte

282 3014 394 3102 possit,
428 3022 660 3090 Chersonesum
676 3031 869 3095 Cimbricam
891 3057 1052 3118 nunquam
1069 3059 1085 3099 a
1102 3037 1263 3100 veteribus
1288 3038 1327 3096 in

285 3120 453 3184 Germania
473 3122 563 3189 fuisse
585 3131 734 3210 positam,
771 3155 830 3197 nec
850 3137 924 3199 inde
946 3139 1097 3202 Cimbros
1118 3141 1151 3199 in
1171 3139 1230 3200 alia
1254 3140 1328 3200 ioca

282 3223 448 3308 migrasse,
474 3231 546 3308 quia
566 3231 742 3298 innotuerit
762 3235 890 3300 saeculis
906 3237 970 3303 sere
986 3239 1118 3301 demum
1138 3255 1159 3302 α
1176 3238 1246 3321 posi
1269 3259 1328 3300 ex·

282 3326 481 3408 peditionem
501 3329 705 3400 Cimbricam.
757 3338 869 3400 Strabo
885 3345 972 3402 enim
990 3363 1017 3406 c.
1032 3343 1054 3406 l.
1071 3325 1182 3403 diserte
1198 3359 1328 3402 memo·

282 3439 330 3486 rat
354 3427 439 3490 sedes
463 3431 602 3510 pristinae
617 3453 671 3498 eoe
692 3440 824 3501 tenuisse
842 3443 874 3502 in
891 3441 1105 3517 Chersoneso;
1136 3458 1186 3512 et,
1211 3461 1329 3523 quam·

281 3545 376 3608 quam
405 3529 596 3596 Cimbricam
620 3555 688 3600 non
717 3541 866 3622 adponat,
900 3546 1011 3607 eedem
1035 3557 1140 3607 tamen
1170 3545 1225 3605 illa
1248 3542 1327 3604 suit.

284 3627 399 3712 Neque
426 3645 533 3697 tamen
563 3641 771 3712 contendam,
804 3643 931 3724 penitue
960 3647 1044 3708 iilam
1069 3645 1155 3709 nosse
1179 3658 1212 3707 et
1232 3664 1326 3706 acnu-

284 3731 381 3794 ratiue
402 3735 535 3806 notasse.
564 3760 638 3802 cnm
660 3743 740 3804 ultra
758 3741 863 3805 Albim
886 3747 937 3808 sna
956 3749 1120 3811 Romanoa
1141 3745 1245 3808 adiisse
1268 3765 1325 3807 ne·

284 3847 340 3916 get
355 3849 388 3908 7.
407 3853 439 3914 p.
458 3853 542 3917 203.
559 3839 579 3902 s.
599 3855 683 3922 294.
705 3843 771 3916 ubi,
798 3865 870 3907 cum
886 3849 976 3910 addit
990 3843 1069 3938 πρὸς
1088 3847 1139 3932 τῷ
1152 3845 1324 3928 Ὠκεανῷ,

284 3936 357 4014 quia
372 3951 405 3999 et
420 3937 508 4001 Albia
522 3941 635 4004 ossium
653 3945 696 4006 esi
714 3947 751 4006 ad
769 3946 949 4021 Oceanum,
975 3952 1102 4012 aiteram
1120 3949 1240 4012 Oceani
1255 3967 1326 4030 par·

285 4047 353 4097 tem
370 4039 453 4098 ultra
470 4039 575 4106 albim
599 4046 777 4131 intelligere
796 4049 901 4112 debet.
938 4053 1076 4116 Temere
1097 4053 1196 4136 igitur
1210 4049 1325 4114 Suffri·

278 4127 346 4202 'duc
375 4139 489 4204 Petruc
516 4145 556 4209 de
586 4149 665 4235 orig.
693 4148 806 4214 Frisor.
832 4152 865 4223 6.
892 4152 927 4218 6.
949 4168 1062 4241 negat,
1104 4152 1256 4254 Cimbros
1281 4169 1324 4215 ex
