2746 4894
276 383 341 458 424
549 375 708 438 Nom
745 375 1051 438 uxuonrrciss

276 551 340 616 bue
355 549 483 623 distant,
511 551 532 614 i.
550 571 576 612 e.
603 559 671 627 152
685 550 801 616 milia'r.
820 552 1026 626 Germanicis.
1052 550 1142 618 facile
1162 553 1203 616 ad
1218 553 1317 620 Cana·

276 655 337 718 rint
353 653 451 716 hodio
467 653 638 735 pertinent.
692 651 760 736 Qui
782 654 871 736 plura
887 656 926 718 de
941 672 1088 720 veterum
1105 659 1316 740 opinionibus

275 771 311 820 et
333 755 564 818 narrationibus
590 755 695 838 legere
717 755 814 839 cupit,
844 759 981 838 reperite
1006 760 1109 843 potest
1133 763 1166 821 in
1193 761 1316 823 Mureti

274 859 364 922 Varr.
387 858 474 920 lectt.
492 869 522 934 5,
545 875 574 921 ι.
628 855 711 917 Sunt
736 870 842 921 tamen
877 859 975 922 hodie
1010 859 1129 944 septem
1162 861 1315 926 Canariae

273 973 396 1044 praeter
411 960 549 1020 minores
566 959 598 1018 in
615 959 744 1023 vicinia.
789 961 917 1024 Veteres
934 963 986 1024 vel
1007 963 1070 1026 hoc
1089 967 1234 1035 nomine,
1261 965 1315 1027 vel

274 1059 400 1124 diverso
419 1061 510 1124 illine¹
524 1073 639 1122 tractus
668 1059 784 1122 ininius
806 1065 942 1125 ornnino
964 1065 1127 1147 adpellaiie
1146 1067 1314 1129 videntur.

272 1165 312 1228 In
329 1165 369 1228 iia
385 1177 418 1226 et
432 1163 556 1226 Atlante
574 1163 733 1230 ultimum,
745 1160 865 1227 Africae
882 1165 979 1228 finem
1002 1169 1096 1250 ponit
1112 1167 1203 1231 Oroi.
1227 1190 1256 1240 r,
1278 1183 1311 1232 a.

343 1358 371 1460 J
372 1365 517 1450 ponte)
557 1365 621 1429 Ubi
634 1385 732 1430 nemo
747 1385 888 1449 operam,
912 1388 1043 1432 manum
1059 1371 1219 1442 admovet.
1246 1369 1314 1432 fine

273 1469 372 1534 cultu.
400 1469 494 1532 Orid.
513 1469 644 1530 Metam.
667 1489 695 1541 ι,
713 1479 798 1552 417.
816 1468 952 1564 divsrfis
966 1473 1057 1534 telius
1072 1472 1225 1533 animalia
1233 1462 1314 1560 for·

272 1573 333 1634 mis
353 1571 471 1652 Sponte
478 1563 544 1663 sno
558 1573 689 1652 peperit.
715 1590 774 1654 pro
794 1591 859 1654 quo
882 1594 909 1644 ι,
931 1593 1010 1636 ιοι.
1033 1565 1104 1665 ipsa
1118 1593 1239 1656 quoque
1254 1573 1313 1633 im-

272 1676 375 1737 munis
391 1671 551 1766 rrfiroque
567 1676 692 1735 intacta
712 1695 768 1734 uec
782 1675 855 1735 uilis
871 1675 987 1736 Saucia
1005 1673 1179 1736 vomeribus
1196 1695 1254 1753 per
1269 1665 1312 1764 fi

270 1773 374 1838 dadas
396 1776 502 1838 onnia
527 1775 628 1838 telius.
680 1775 753 1838 Alio
782 1776 883 1837 modo
910 1777 945 1838 id
967 1773 1112 1858 expreffit
1134 1775 1309 1848 Sallustios,

269 1897 369 1960 quern
399 1877 437 1939 de
464 1877 514 1940 hie
544 1875 652 1938 insulis
680 1877 807 1958 quidam
842 1879 930 1960 loqui
963 1892 1091 1960 putant,
1126 1880 1159 1939 in
1190 1876 1308 1962 iragm.
1350 1909 1351 1912 ¹

269 1977 327 2043 lib.
344 1981 378 2044 6.
403 1979 445 2041 in.
469 1981 561 2064 (pag.
581 1989 666 2059 993.
684 1979 734 2040 ed.
751 1979 862 2056 Cort.)
886 1982 975 2040 cuius
988 1979 1069 2041 duas
1091 1972 1211 2072 insulas
1232 2001 1311 2059 pro-

269 2081 411 2164 pinquas
429 2082 513 2142 inter
524 2072 564 2172 se
584 2077 754 2174 corfinbat
765 2072 884 2172 suopte
905 2082 1029 2161 iugenio
1049 2081 1202 2142 alimento
1225 2101 1311 2142 mor·-

270 2181 390 2246 taiidus
419 2183 556 2264 gignere.
612 2183 802 2244 Plutarchus
835 2185 869 2243 in
897 2184 1039 2246 Sertorio
1073 2203 1140 2265 cap.
1168 2193 1201 2258 8.
1248 2181 1310 2243 ubi

269 2282 384 2348 diserte
400 2285 452 2346 hn
469 2283 582 2346 insulae
597 2285 759 2346 nominat:
788 2273 825 2347 οὗ
842 2277 941 2373 μόνον
956 2280 1057 2372 u’poriv
1075 2276 1129 2346 uui
1148 2275 1310 2365 φυτεύειν

269 2385 469 2476 παρέχωσιν
491 2379 623 2472 ἀγαθὴν
641 2375 696 2448 καὶ
719 2382 815 2450 πίονα
834 2379 969 2474 χώραν,
992 2381 1084 2450 diii
1103 2377 1157 2448 uui
1178 2381 1309 2474 nuprrdu

267 2478 425 2574 αὐτοφυῆ
442 2483 606 2575 φέρουσιν.
623 2521 675 2534 -
706 2489 852 2569 itemquo
867 2489 907 2550 de
923 2489 963 2550 iie
977 2487 1158 2549 Mamertin.
1175 2489 1208 2548 in
1226 2502 1309 2571 grat.

266 2603 326 2652 aot.
348 2591 387 2652 nd
405 2589 517 2650 Iulian.
536 2609 563 2650 c.
582 2602 640 2668 23.
655 2591 777 2668 imper
792 2611 846 2651 eas
863 2611 927 2652 non
942 2602 1037 2651 orato
1047 2581 1121 2680 solo
1130 2579 1310 2675 frumenta

266 2683 456 2783 nascuntur,
485 2681 642 2780 fortuitis
682 2687 802 2752 vitibus
842 2693 918 2771 iugo
957 2690 1083 2752 coliium
1114 2687 1304 2781 vestiuntur,

157 2831 161 2838 ·
259 2783 381 2886 sponte
400 2793 502 2874 pomis
520 2789 616 2853 arbor
632 2803 807 2874 gravatur,
839 2793 884 2852 nd
902 2790 1067 2852 herbarum
1086 2793 1186 2852 uicem
1204 2791 1307 2871 vulgo

265 2895 336 2958 olus
351 2893 406 2988 est.
448 2895 529 2956 Vide
551 2894 596 2954 ibi
617 2895 801 2978 laegerum,
832 2896 886 2976 qni
909 2893 1016 2954 iimiiia
1034 2894 1137 2974 aiiqna
1154 2907 1306 2954 veterum

264 2997 334 3062 loca
357 2995 480 3060 adtulit.
537 2992 702 3058 Poetioam
733 3015 839 3057 earum
865 2994 1055 3067 insularum,
1087 3015 1161 3075 queo
1186 2993 1305 3054 divites

263 3099 419 3183 adpellat‚
450 3110 484 3160 et
510 3119 593 3159 arva
618 3095 729 3170 beata,
764 3097 1009 3184 descriptionem
1035 3096 1123 3160 dabit
1148 3097 1305 3159 Horatius

262 3203 359 3288 epod.
380 3201 434 3273 16.
449 3209 495 3280 41
513 3197 575 3282 iqq.

338 3396 536 3497 subinde)
585 3401 745 3488 Hiipanus
765 3403 919 3485 interpres
934 3403 1091 3465 reddidit:
1111 3393 1302 3493 succeffiun·

262 3521 365 3573 ruente
381 3505 474 3570 todos
493 3505 541 3567 ios
563 3527 683 3577 anuos,
719 3520 752 3568 et
775 3508 906 3568 mirifice
927 3503 1027 3567 facem
1052 3503 1121 3566 inae
1145 3507 1301 3586 interpre-

261 3611 379 3675 tationi
393 3607 569 3691 praetuliiie
586 3621 677 3691 putat
693 3609 805 3672 Horat.
822 3629 850 3670 c.
867 3609 888 3671 l.
913 3609 987 3688 qui:
1014 3606 1118 3666 reddit
1136 3603 1191 3664 ubi
1210 3607 1300 3669 Cere·
1353 3643 1358 3652 ·

261 3734 324 3776 rem
341 3711 432 3772 telius
447 3711 578 3771 irrorata
591 3713 765 3795 quotannis
779 3745 831 3756 -
854 3709 894 3770 fic
909 3723 944 3769 ut
958 3709 991 3769 in
1007 3707 1089 3788 sequ.
1107 3709 1201 3768 etiam
1219 3705 1298 3768 iem·

260 3833 319 3896 per
341 3813 546 3896 intelligatur.
598 3813 634 3873 ld
657 3831 735 3874 vero
755 3813 839 3874 Mela
857 3813 984 3893 proprie
1004 3829 1070 3871 non
1089 3809 1178 3878 vult,
1204 3810 1297 3870 onina

260 3913 359 3975 verba
373 3912 460 3975 hunc
475 3911 595 3975 senium
609 3911 769 3976 inierunt:
803 3911 956 3996 Depaiiie,
971 3909 1024 3973 [eu
1041 3905 1186 3972 demeffie
1201 3906 1296 3994 frugi·

260 4013 324 4080 bna
336 4015 413 4079 alite
428 4033 592 4100 novaeque
609 4015 716 4080 denuo
726 4013 848 4102 [emper
863 4013 1078 4086 innascuntur,
1091 4014 1135 4073 ita
1148 4027 1185 4074 ut
1200 4008 1295 4098 seges,
