2748 4888
246 402 285 452 12
513 389 677 454 tuom
716 391 1021 452 zxncuutcalt

239 577 359 649 crepat.
404 564 473 628 Nili
494 569 622 628 numeri
638 566 750 652 fingnli
769 569 943 650 praelatam
967 566 1126 643 summam
1149 567 1290 633 confice·

238 680 329 738 tent,
362 664 455 731 facilc
476 669 623 732 excidille
644 670 815 732 denarium
841 685 971 754 putem,
1000 673 1075 752 quia
1101 672 1147 734 26
1172 671 1219 734 Μ.
1240 669 1285 736 P.

238 770 376 832 totidem
397 768 515 855 (coo)
533 771 629 834 llarlia
643 769 800 844 efficiunt,
825 787 905 855 quot
920 787 1071 832 numerat
1086 773 1285 837 Marcianut.

239 871 408 935 Convenit
427 851 537 934 autt'tm
558 873 699 954 illitum
722 875 806 944 aliis,
832 875 854 936 fi
877 877 905 935 x
926 875 1044 937 antec
1061 875 1221 944 deleatur,
1247 886 1285 936 et

237 973 291 1035 hic
315 975 471 1045 addatur,
500 978 588 1054 quod
613 987 721 1037 tamen
755 995 823 1037 non
848 976 947 1036 ausim
972 974 1101 1061 inferre.
1151 977 1285 1037 Erravit

237 1077 337 1162 igitur
351 1081 480 1157 potina,
506 1077 581 1138 licet
595 1093 681 1138 recta
698 1080 751 1138 hic
766 1077 801 1137 lit
818 1096 874 1140 ora
892 1092 925 1138 et
944 1077 1039 1140 linea.
1078 1077 1150 1140 Vid.
1168 1077 1208 1138 tle
1221 1078 1281 1139 illo

235 1190 333 1262 portu
357 1179 503 1260 pluribus
518 1175 687 1241 Suareziua
710 1181 743 1240 in
767 1182 888 1262 antiqu.
912 1179 1021 1241 Gadit.
1044 1200 1074 1250 ι.
1098 1198 1133 1260 9.
1175 1179 1217 1241 H.
1235 1178 1282 1242 est

235 1279 289 1342 vel
307 1280 409 1340 Porto
423 1279 458 1338 di
471 1280 504 1342 S.
519 1280 650 1349 Marta,
673 1295 709 1342 ut
721 1293 814 1364 putat
832 1281 959 1344 Noniua
974 1281 1007 1340 in
1023 1279 1113 1363 Hilp.
1129 1300 1197 1363 cap.
1222 1293 1280 1360 13.

235 1381 289 1443 vel
314 1399 415 1464 prope
440 1380 532 1443 lieni.
586 1381 739 1444 Mannert
767 1383 802 1443 in
829 1381 1033 1468 Geograpltie
1062 1403 1096 1467 p.
1121 1403 1166 1446 m.
1189 1394 1276 1465 284.

232 1483 374 1566 quaerit,
400 1482 457 1544 ubi
480 1503 569 1544 nunc
589 1483 633 1546 eit
654 1485 687 1549 S.
704 1483 818 1548 Petito.

312 1683 568 1780 oleastrum)
617 1687 670 1752 Sic
684 1687 826 1753 Ptolem.
843 1705 877 1760 Ω.
893 1685 968 1768 4.f.
993 1687 1078 1750 Plio.
1098 1701 1130 1768 3,
1149 1701 1183 1768 3.
1200 1683 1222 1752 Γ.
1243 1706 1277 1752 t.

119 1837 122 1846 .
231 1789 347 1873 quibua
362 1788 406 1850 cst
428 1789 585 1873 oppidum
601 1789 634 1850 in
649 1791 711 1852 hoc
726 1803 838 1854 tractu.
879 1792 968 1854 Atio
987 1790 1144 1853 Antonini
1165 1790 1276 1854 itiner.

229 1911 262 1976 p.
282 1905 367 1972 399.
389 1889 566 1974 Oleastrum
582 1893 667 1955 aliud
690 1894 897 1978 intelligitur,
926 1895 1045 1975 quippe
1059 1891 1145 1974 quod
1162 1892 1276 1954 a'l'ar·

229 2013 344 2057 racone
359 1990 494 2054 distabat
512 2008 555 2056 αι
579 1993 624 2056 Μ.
642 1994 680 2058 Ρ.
716 1995 831 2057 Strabo
852 2009 884 2075 5.
908 2015 940 2078 p.
957 1991 1074 2058 110.l.
1091 2005 1171 2072 159·
1189 1994 1276 2056 inter

230 2093 410 2182 Saguntum
427 2107 459 2156 et
474 2096 687 2158 Tarraconem
702 2097 816 2160 eodem
838 2098 990 2167 nomine.
1020 2095 1106 2176 quod
1122 2115 1161 2157 ex
1175 2095 1275 2159 MSS.

228 2216 287 2282 pro
302 2191 483 2282 Ὀλὲατρον
499 2217 586 2258 nunc
606 2197 733 2282 legitur,
759 2197 873 2259 urbem
893 2200 998 2278 ponit,
1024 2199 1069 2258 ita
1086 2210 1206 2266 tamen.
1233 2209 1273 2258 ut

227 2301 361 2384 propina
375 2299 556 2383 Saguntum
574 2301 618 2362 cia
641 2300 769 2362 lberutn
791 2299 950 2370 ostendat,
982 2301 1165 2360 Antoninus
1183 2312 1273 2362 trano

227 2400 357 2463 Iberum
381 2399 488 2463 versus
513 2401 662 2464 Galliam.
710 2402 751 2464 At
775 2403 809 2461 in
836 2399 943 2462 nostro
967 2414 1069 2462 tractu
1097 2400 1212 2464 Strabo
1233 2414 1269 2480 3.

145 2581 150 2591 Ι
226 2523 258 2586 p.
276 2514 335 2583 93.
360 2501 482 2580 [142.
510 2499 658 2576 Korion<
683 2517 916 2565 commemorat
941 2517 1087 2572 montes,
1120 2521 1178 2584 pro
1203 2521 1271 2583 quo

228 2601 376 2675 κοτίνους
394 2606 523 2686 reponit
541 2606 595 2666 hio
612 2601 752 2676 Volliua,
784 2605 840 2685 qui
859 2604 1018 2666 Graecum
1040 2621 1162 2665 nornen
1180 2603 1272 2666 Gotr‘·

225 2697 349 2796 nuffam
365 2705 453 2766 fniffe
472 2719 576 2788 putot.
589 2701 660 2767 ”Ex
680 2706 787 2769 Plinio
806 2716 864 2786 54,
880 2716 941 2788 49.
955 2703 976 2767 l.
998 2721 1052 2778 17.
1073 2695 1270 2797 Olecslrense

170 2837 174 2848 ·
223 2807 387 2892 plumbum
403 2807 466 2867 huc
481 2805 589 2870 referri
611 2807 728 2891 potest,
755 2807 829 2890 quia
849 2805 964 2870 Strabo
980 2809 1015 2867 in
1032 2807 1158 2868 illorum
1177 2826 1271 2869 mon·

224 2913 310 2974 tium
343 2909 458 2972 ricinia
483 2929 535 2972 aea
564 2930 743 2992 aurumque
776 2907 861 2971 nalci
887 2909 994 2971 tradit.
1048 2909 1143 2970 Vario
1170 2909 1269 2993 igitur

224 3011 315 3076 lenlu
334 3011 418 3074 illud
441 3030 560 3074 nomen
584 3013 708 3073 dictum
728 3025 762 3074 et
786 3011 1066 3074 accommodatum
1087 3009 1147 3090 eli.
1175 3012 1269 3093 oppi-

223 3117 367 3198 dumque
385 3133 403 3174 a
420 3112 492 3176 luco
509 3127 542 3175 et
558 3114 724 3176 montibus
740 3113 936 3199 adpellatum
949 3112 1079 3197 longina
1093 3114 1243 3176 extantia.

296 3316 436 3382 Ebora
444 3317 463 3400 )
499 3319 534 3381 Si
548 3337 624 3381 vera
639 3317 682 3380 eii
694 3317 789 3381 lectio
799 3315 965 3380 Strabonis
984 3329 1016 3396 3.
1034 3312 1166 3398 p.97.l.
1183 3321 1266 3394 140.

223 3420 351 3484 Graecia
371 3422 469 3483 otiam
492 3419 642 3483 dicta'est
660 3416 818 3506 Ἑβοῦρα.
859 3416 910 3483 cf.
928 3430 997 3480 not.
1022 3418 1091 3478 crit.
1112 3435 1185 3500 pag.
1208 3435 1266 3480 ιι.

220 3523 248 3585 Δ
273 3522 436 3606 Stephano
461 3523 549 3586 eniut
574 3535 708 3586 vocatur
723 3511 871 3607 Ἐβορα,
901 3518 971 3588 seu,
1004 3531 1042 3578 ut
1066 3517 1150 3580 Cod.
1179 3516 1264 3581 Volt.

219 3621 337 3704 habet,
357 3617 506 3712 ’'Eliupo‚
538 3623 614 3687 urba
636 3624 797 3684 maritima
814 3622 880 3704 post
898 3621 1003 3682 Gades
1026 3620 1093 3682 fita.
1146 3617 1265 3681 Strabo

221 3717 370 3816 Luciferi
391 3723 504 3786 fanum
536 3725 582 3787 ibi
604 3723 696 3788 fuiffe
724 3724 820 3794 dicit,
856 3722 972 3783 Latino
1003 3723 1138 3783 nomine
1163 3719 1265 3782 Lucis

220 3823 346 3890 dubiae.
380 3825 603 3912 cognominet
625 3825 702 3888 alibi
723 3822 868 3887 feruntur
890 3823 993 3886 urben.
1028 3821 1175 3884 Nostram
1193 3823 1265 3902 qui·

221 3930 298 3992 dam
312 3929 345 3992 h.
358 3929 477 3992 volunt
492 3929 551 3992 alle
570 3929 636 3991 Scor
651 3927 758 3990 Lucar
770 3925 809 3988 cie
822 3924 1031 3995 Boumelita,
1054 3943 1135 4006 quae
1151 3937 1264 3986 tamen

219 4031 355 4094 ulterius
378 4032 460 4092 iacet
483 4047 517 4093 et
539 4030 610 4115 poli
630 4029 801 4112 Chipiona.
848 4027 959 4100 Litus,
981 4027 1072 4110 ,quod
1088 4025 1142 4086 hic
1159 4025 1264 4086 adtin-

220 4133 270 4222 git
286 4132 382 4208 Mela,
403 4131 448 4198 ast
467 4132 538 4220 ripa
554 4133 673 4206 Biatia,
696 4151 756 4196 nac
771 4143 931 4218 repugnat
947 4127 1074 4202 Strabo,
1100 4129 1156 4211 qui
1176 4141 1262 4202 ante,
