2746 4894
179 392 231 452 ΙΝ
258 392 395 452 totto.
424 393 532 452 Mn.
574 395 858 456 L.111.c.V111.
901 337 990 469 Η..
1042 408 1106 474 359

156 569 189 648 §.
216 579 251 646 5.
288 567 330 630 in
347 557 505 658 flexu)
545 567 692 654 Egressum
708 570 810 632 linum
831 569 1014 640 Arabicum,
1041 581 1102 631 ter·

42 671 135 734 tiam
152 669 243 732 rubri
264 671 359 732 maria
377 670 558 751 portionem
575 668 750 756 subiungit,
776 671 879 732 linunt
895 670 1011 733 [cilicet
1028 671 1102 753 Bar·

43 773 219 842 barinum,
252 785 287 833 et
308 771 464 854 quidquid
487 771 686 852 Mallylicum
708 775 969 856 promuntorium
985 787 1019 834 et
1040 772 1100 835 Ce-

42 875 188 937 raunios
209 871 301 936 ialtua
324 875 500 936 interiacet.
534 892 677 937 voaetva.
749 876 947 960 Diligentius
970 893 1008 935 ea
1029 874 1099 936 loca

43 973 215 1057 descripsit
234 974 389 1040 Attianua
404 976 439 1035 in
461 975 584 1058 periplo
604 996 637 1057 p.
652 977 674 1040 6
691 975 750 1058 [qq.
771 975 870 1038 Hnrli.
898 977 1098 1038 Ptolemaeus

43 1091 85 1157 4,
105 1092 144 1154 7.
160 1089 193 1138 et
209 1087 242 1154 8.
260 1076 414 1138 adtribuit
433 1079 547 1157 partim
563 1077 758 1160 Aethiopiae
773 1077 828 1139 lob
842 1079 1003 1165 Aegypto,
1029 1096 1097 1161 par·

43 1181 115 1241 tim
131 1176 836 1264 Τ1941999699,99Ρ1ἱ9ἰιι9454699.

133 1379 302 1476 bestiis)
281 1379 500 1464 )Multua
490 1403 525 1444 tn
547 1381 609 1444 hoc
631 1395 731 1472 traetn
753 1395 1002 1452 commemorat,
1029 1379 1096 1443 vel·

44 1485 100 1547 nti
120 1481 283 1565 pardales,
306 1483 527 1556 rhinocerotes,
555 1496 675 1556 tauros,
694 1477 866 1578 serpentes,
887 1482 1094 1568 Agatharchi-

45 1586 109 1650 dea
125 1589 169 1648 de
183 1605 263 1647 mart
254 1583 375 1648 rubro
390 1603 457 1668 cap
476 1599 522 1664 33
540 1583 602 1667 sqq
617 1607 649 1668 p.
663 1597 711 1667 49
729 1585 771 1668 sq
787 1585 927 1665 (Haut.)
951 1602 1036 1648 etex
1052 1602 1093 1646 eo

46 1689 192 1752 Diodor.
211 1699 244 1766 3.
262 1698 324 1768 4ι.
364 1681 415 1748 Cf.
436 1687 531 1748 etiam
553 1687 665 1750 Strabo
684 1705 739 1765 17.
760 1709 792 1771 p.
812 1691 895 1766 565.
913 1687 933 1750 l.
952 1697 1036 1762 899.
1059 1697 1093 1747 et

46 1791 160 1854 Solio.
179 1799 238 1869 33.
253 1785 275 1852 s.
295 1803 353 1864 3o.
379 1788 434 1870 qui
451 1790 587 1851 omnino
602 1789 697 1850 dlcit:
723 1810 804 1872 patae
819 1789 956 1852 locorum
972 1788 1095 1852 Aethio·

44 1913 107 1975 pes
124 1903 253 1961 tenant,
271 1881 363 1981 feris
382 1889 478 1971 plenu
492 1882 586 1983 suut.
638 1892 692 1955 Ad
710 1873 915 1974 Aethiopiam
936 1893 1024 1954 enim
1040 1879 1094 1951 ali·

44 1997 107 2076 qui
130 1993 222 2054 bunc
244 2005 379 2054 tractum
400 1989 559 2066 referunt,
589 2007 672 2054 certe
695 1992 736 2055 ell
759 1995 794 2054 in
815 1993 942 2056 vicinia.
994 1993 1094 2054 ilecto

44 2111 166 2160 autem
186 2093 296 2155 adiicit
320 2083 454 2184 deserta.
496 2093 671 2156 Belliarum
697 2097 784 2156 enim
814 2091 1012 2176 ferarumque
1035 2089 1094 2154 ira·
1193 2139 1197 2146 .

43 2197 185 2282 quentia
204 2193 382 2257 solitudinit
396 2194 439 2257 eil
454 2195 626 2266 indicium.
652 2193 703 2260 cf.
720 2215 748 2267 a,
758 2207 792 2276 4,
806 2213 838 2258 9.
873 2195 959 2257 Hinc
973 2208 1095 2277 ternpo-

43 2301 143 2362 rihua
157 2293 400 2378 antiquiffimia,
430 2309 464 2358 et
484 2295 542 2357 ubi
564 2297 713 2372 hominea
730 2300 763 2358 in
780 2297 965 2381 regionibua
987 2298 1094 2358 minua
1178 2295 1181 2302 ⁴

44 2413 146 2465 erant
160 2397 351 2481 frequentet,
375 2395 511 2460 ferarum
525 2397 631 2460 crebra
650 2399 685 2462 fit
702 2401 836 2462 mentio.
873 2401 956 2461 Hinc
971 2399 1093 2468 leones,

45 2505 227 2572 drauortea,
252 2501 318 2584 apri
343 2513 653 2572 commemorantur,
678 2503 733 2582 qui
755 2502 904 2564 hominen
925 2501 1092 2570 laniarunt,

47 2624 149 2691 agros
166 2601 378 2665 devastarunt
431 2601 517 2662 llmc
534 2615 723 2664 venatorum
743 2604 809 2665 leue
824 2617 856 2664 et
871 2604 977 2665 decue
1016 2599 1090 2663 Vid.
1117 2611 1121 2622 ·

44 2727 133 2790 quae
160 2705 304 2787 conlegit
333 2703 561 2768 Perizonius
552 2725 587 2766 tn
614 2707 730 2790 origin.
756 2705 913 2786 Babylon.
939 2723 1006 2788 cap.
1036 2717 1092 2767 att.

42 2831 120 2896 με·
140 2816 214 2890 234
231 2803 293 2888 stt·

128 3007 366 3090 Panehuei)
415 3009 518 3096 Regio
538 3008 593 3071 Gr.
609 3003 796 3094 Παγχαία,
822 3021 859 3069 ut
873 3007 1009 3071 Diodor.
1026 3007 1090 3071 stc.

48 3125 86 3193 5,
102 3124 166 3192 49.
191 3111 310 3191 Polyb.
329 3121 386 3190 54.
405 3123 437 3188 5,
454 3133 489 3190 9.
512 3115 570 3189 (att
592 3109 747 3174 Strabone
765 3125 796 3172 9.
816 3131 847 3194 p.
868 3125 925 3182 71.
945 3107 966 3170 l.
989 3109 1090 3187 ιο4.)

45 3217 122 3278 Lat.
139 3215 319 3284 Panchaia,
337 3227 374 3273 ut
388 3213 471 3274 Plio.
483 3226 515 3288 7,
528 3210 614 3290 57.s.
627 3213 684 3290 56.
714 3232 768 3281 ι9.
786 3227 820 3274 9.
847 3211 956 3295 Virgil.
972 3210 1090 3294 Georg.

48 3331 266 3396 9.159.-
310 3314 380 3379 Alii
405 3315 521 3378 additia
547 3299 749 3384 nominibus,
783 3315 831 3374 uti
856 3307 1023 3396 Παγχαία
1047 3309 1089 3395 γῆ

46 3418 167 3483 strabo
183 3431 216 3496 ⁴7.
230 3437 265 3500 p.
279 3431 363 3491 997.
375 3414 393 3478 [.
407 3431 492 3496 999.
517 3415 711 3500 Παγχαΐτις
725 3409 822 3503 χώρα
839 3411 974 3477 Diodor.
987 3420 1089 3492 5,45.

47 3521 179 3584 Nititur
193 3533 300 3582 autem
317 3533 383 3580 tota
399 3519 449 3578 illa
462 3519 502 3578 de
512 3517 664 3580 Panchaia
680 3519 816 3579 narratio
832 3518 893 3579 fide
907 3507 1090 3584 Euhemeri,

46 3642 149 3706 quem
165 3621 259 3683 multi
276 3634 423 3683 veterum
438 3632 709 3690 commemorant,
736 3619 865 3700 quidam
882 3619 965 3679 inter
980 3615 1090 3678 atheoa

46 3737 191 3811 ponunt.
238 3723 413 3804 Vid.‚quoa
437 3717 557 3804 profert
582 3721 752 3782 Reimann.
781 3723 814 3780 in
838 3717 907 3782 hill.
931 3715 1091 3784 Atheilmi

50 3847 122 3912 cap.
141 3835 201 3906 94,
219 3833 255 3904 4.
279 3844 312 3907 p.
333 3823 402 3898 276
419 3820 461 3904 lq.
485 3815 519 3883 et
539 3823 574 3884 in
591 3825 701 3904 primia
717 3819 821 3884 'Sevin
837 3820 950 3884 differt.
965 3823 1000 3882 in
1022 3817 1089 3880 Me·

50 3931 174 3994 moirea
192 3959 238 3976 -·
262 3925 303 3987 de
316 3923 405 3988 Paria
422 3924 491 3986 Vol.
506 3933 538 4000 8.
557 3943 589 4007 p.
607 3945 618 3982 ι
633 3945 643 3982 ι
653 3935 674 4000 5
691 3920 752 4006 qu.
780 3923 959 3986 Fourmont
973 3919 1089 3984 differt.

51 4030 105 4094 lut·
125 4031 289 4114 l’ottvrage
307 4021 521 4088 d'ssubembra
543 4024 671 4086 intituli
690 4021 759 4112 lepti
779 4019 957 4112 ἂναγραφὴ
974 4028 1006 4086 in
1022 4023 1090 4084 Me·

50 4133 172 4200 muirea
193 4163 247 4179 -
270 4129 312 4195 da
334 4129 422 4194 Paria
440 4129 480 4196 T.
500 4141 555 4208 15.
576 4147 609 4213 p.
626 4128 697 4208 965
711 4125 774 4212 sqq.
810 4129 864 4212 qui
890 4139 998 4190 tuetur
1022 4129 1091 4191 eiua
