2758 4902
294 438 339 514 94
560 427 733 488 ‘NOTAE
766 427 1077 487 EXEGETICAE

374 604 420 668 M
426 603 523 666 oeni
531 624 549 665 s
555 602 575 685 )
618 603 697 667 aliis
712 601 865 674 Moenus,
893 602 1065 666 Ammiano
1086 617 1138 678 17.
1157 619 1190 670 o.
1210 603 1354 665 Morus.

298 706 350 774 ci.
366 721 435 771 not.
453 707 522 766 crit.
539 724 609 789 pag.
629 706 689 784 96.
726 704 943 780 Primueeiue
967 706 1114 766 meminit
1132 705 1227 766 Mela.
1267 702 1356 764 Post

296 811 422 874 Plinlue
440 825 474 888 9.
495 821 550 883 17.
573 803 594 868 l.
618 819 671 883 15.
701 806 803 867 Tacit.
820 807 859 866 rle
877 807 984 867 Germ.
1003 826 1070 888 cap.
1088 818 1146 884 28.
1194 809 1218 867 Δ
1240 805 1354 887 poste·

185 987 189 998 Ι
297 911 437 974 rioribus
456 907 793 970 :continuarentur
808 907 971 987 Mogonus
987 906 1006 968 l.
1024 909 1205 989 lingonas,
1231 927 1353 988 qnam·

299 1015 350 1076 vir
370 1012 477 1074 renuit
499 1009 686 1080 Cluverius,
718 1008 772 1089 qui
794 1009 834 1070 de
849 1029 889 1069 eo
911 999 1057 1070 dieleruit
1073 1025 1105 1089 3,
1124 1021 1184 1091 49.
1203 1031 1235 1090 p.
1254 1019 1349 1086 714.

299 1115 365 1180 Sed
381 1111 421 1175 cl.
439 1115 571 1194 Spener.
587 1114 621 1172 in
640 1122 708 1174 not.
724 1111 832 1172 Germ.
849 1126 911 1170 ant.
933 1125 964 1180 o.
982 1129 1013 1182 a,
1031 1114 1064 1175 6.
1084 1133 1115 1194 p.
1133 1115 1192 1190 69.
1221 1112 1353 1189 lllogns

301 1217 397 1280 etlam
424 1215 540 1299 legitur
569 1213 652 1294 aputl
680 1212 838 1273 Giinther.
867 1213 974 1295 Ligur.
999 1233 1026 1284 t.
1045 1226 1129 1296 534.
1153 1213 1278 1274 Nomen
1300 1208 1350 1272 ab

301 1308 415 1410 infuso
437 1317 549 1396 recipie
570 1315 746 1395 Mogontia
765 1315 878 1393 Mogo.
917 1313 959 1377 H.
977 1317 1095 1397 Meyrr.

376 1517 545 1600 Lupia)
593 1517 736 1579 Primam
769 1517 838 1579 eiue
870 1517 1071 1579 mentionem
1098 1515 1172 1579 lecit
1202 1516 1352 1578 Velleiue

303 1639 338 1694 o,
362 1633 443 1700 105·
473 1619 530 1682 ubi
553 1616 667 1680 lcilicet
690 1638 746 1700 pro
767 1618 871 1678 Iuliae
899 1620 1073 1702 legendum
1102 1620 1144 1681 ell
1170 1640 1243 1680 cnm
1266 1619 1352 1680 Clu·

301 1727 393 1788 verio
410 1742 437 1788 c.
459 1723 480 1784 l.
506 1736 540 1782 et
561 1721 664 1783 doctis
687 1720 864 1780 editoribue
889 1719 1023 1800 Lupiae.
1059 1721 1107 1781 *A
1132 1722 1289 1782 Strabone
1309 1737 1349 1792 7.

301 1846 374 1912 pag.
392 1841 476 1888 eor.
493 1821 514 1885 l.
533 1839 615 1902 291.
632 1835 762 1883 vocatur
778 1818 938 1894 Λουπίας,
964 1835 1031 1883 uta
1048 1823 1152 1884 Dione
1167 1835 1226 1900 54.
1243 1836 1290 1897 33
1330 1840 1350 1882 a

303 1928 418 1989 Tacito
438 1929 522 1988 Ano.
545 1945 573 1994 r,
595 1925 654 1986 60.
675 1938 708 1985 et
730 1919 840 2005 paffim
865 1923 1009 2000 Luppr'a.
1051 1923 1163 1986 Strabo
1187 1924 1349 1984 elllreno

304 2025 413 2092 dillare
429 2027 507 2087 rlicit
527 2025 572 2087 60
593 2023 713 2095 uarro,
746 2037 778 2085 et
800 2024 845 2083 ihi
871 2023 1039 2086 Bructeros
1061 2015 1138 2094 τοὺς
1163 2019 1353 2100 ἐλάττονας

304 2132 416 2215 ponit,
450 2128 580 2188 Tacitus
598 2145 624 2186 c.
642 2127 662 2186 l.
683 2125 811 2186 ultimos
832 2124 1067 2190 Bructerorum.
1102 2128 1140 2187 ln
1159 2126 1350 2188 Ptolemaeo

305 2247 341 2301 Ω,
364 2249 418 2294 tt.
437 2227 627 2289 desideratur
639 2227 768 2296 flumen,
792 2244 850 2309 pro
866 2246 929 2306 quo
945 2228 1071 2308 adparet
1087 2228 1161 2290 urbe
1178 2226 1351 2306 Λουππία,

305 2333 377 2402 vel.
403 2345 439 2391 ut
462 2327 518 2418 lib.
536 2339 568 2406 ss.
593 2329 626 2388 in
645 2329 789 2407 Europae
806 2325 868 2390 tab.
887 2341 920 2408 4.
944 2324 1090 2404 Λουπία,
1123 2349 1201 2410 quae
1219 2332 1351 2389 videtur

305 2433 340 2497 ln
357 2435 470 2494 Tacito
495 2429 580 2492 Anu.
598 2445 630 2499 o,
649 2444 682 2505 7.
704 2428 763 2490 elle
787 2428 944 2489 callellum
968 2428 1088 2511 Lupiae
1105 2428 1138 2492 ll.
1154 2429 1349 2510 arlpolirum.

239 2533 243 2542 “
307 2533 409 2620 Quod
432 2531 545 2595 Strabo
568 2521 617 2594 inl
641 2518 754 2594 ταῦτᾰ
773 2527 931 2616 φέρεσθαι
953 2531 1004 2612 τῷ
1023 2527 1161 2616 Ἀμασίᾳ
1184 2533 1261 2592 dicit
1277 2551 1307 2592 c.
1325 2532 1349 2593 l.

307 2637 419 2699 acriter
439 2633 531 2694 illum
547 2631 751 2715 reprehendit
770 2631 898 2692 Cluver.
914 2649 941 2691 c.
961 2633 980 2693 l.
1014 2635 1069 2712 qui
1090 2651 1229 2694 errorem
1247 2637 1349 2694 etiam

308 2739 350 2800 tle
382 2735 527 2798 dinanuo
559 2754 577 2794 e
610 2732 727 2794 llheno
766 2732 804 2792 ab
839 2731 917 2792 urbe
958 2733 1058 2814 Lupia
1096 2748 1202 2795 ortum
1244 2747 1350 2814 putat.

309 2837 407 2922 Quod
428 2837 517 2896 idem
541 2854 616 2896 eum
639 2835 672 2894 in
691 2833 853 2895 Oceanum
874 2834 1019 2903 deducit,
1052 2854 1125 2894 cum
1143 2835 1176 2894 in
1193 2833 1351 2894 Rhenum

305 2952 462 3008 excurrat,
487 2956 553 2998 non
570 2935 627 2996 nili
643 2937 710 2996 eine
725 2935 924 3018 ignoratione
940 2933 1075 2995 excrrlari
1092 2935 1203 3016 potest.
1238 2937 1353 2997 Hodie

309 3041 425 3121 Lippe.
466 3039 565 3121 Quod
584 3055 660 3098 vero
684 3033 796 3096 Menlo
816 3036 933 3119 Alting.
957 3037 989 3096 in
1012 3039 1208 3118 expontlooe
1224 3037 1353 3098 tabulae

309 3143 351 3205 de
368 3140 537 3204 Germania
562 3159 675 3223 magna
696 3139 731 3197 in
751 3137 936 3198 Ptolemaeo
953 3157 979 3200 c.
994 3147 1029 3216 4.
1046 3159 1077 3218 p.
1097 3149 1130 3215 8.
1151 3151 1221 3198 tnto
1237 3143 1353 3208 credit,

309 3243 424 3306 urbem
448 3261 464 3303 a
487 3241 672 3302 Ptolemaeo
699 3253 999 3308 commemoratam,
1034 3237 1094 3301 elle
1119 3239 1151 3302 h.
1168 3239 1354 3302 Bornewitz

311 3345 397 3407 inter
411 3343 605 3407 Sterrdeliarn
624 3354 657 3402 et
672 3341 904 3421 Spandovirm‚
932 3338 985 3399 etsi
1003 3341 1035 3401 id
1051 3361 1091 3402 err
1107 3341 1242 3424 tropaeie
1257 3339 1354 3402 Drufi

311 3448 460 3510 evincere
475 3445 617 3514 videtur,
644 3461 755 3524 parurn
773 3441 815 3504 ell
833 3441 1007 3523 probabile.

393 3637 596 3737 Amisiae)
644 3644 697 3707 Sic
719 3643 857 3722 Plin.lp‚
886 3643 1064 3722 oss.l.14.
1102 3639 1224 3734 Amifla
1248 3645 1353 3706 Tacit.

311 3751 397 3816 Anu.
418 3769 447 3821 t,
471 3751 529 3812 60.
547 3749 605 3822 65.
631 3762 664 3814 o.
692 3759 749 3826 23.
783 3746 935 3807 Aventin.
957 3747 990 3805 in
1010 3745 1112 3807 annal.
1136 3747 1243 3807 Boior.
1265 3761 1298 3816 2.
1321 3761 1353 3808 o.

315 3851 463 3914 Straboni
480 3849 522 3911 est
543 3843 722 3936 'Aponius,
750 3847 922 3928 dequibus
939 3847 1003 3906 dixi
1020 3849 1052 3905 in
1073 3860 1140 3907 not.
1159 3847 1228 3908 crit.
1245 3867 1277 3927 p.
1291 3859 1353 3925 97.

315 3951 507 4036 Geographo
517 3949 695 4012 Ravennati
705 3959 739 4028 4.
754 3963 809 4023 17.
824 3947 991 4016 Leroizon.
1014 3967 1073 4029 pro
1089 3966 1151 4028 quo
1170 3947 1354 4009 Porcheron

313 4054 377 4138 leg.
397 4052 527 4114 coniicit
543 4040 683 4140 Amison.
735 4049 759 4110 F
762 4051 869 4110 luvius
887 4048 919 4111 h.
935 4049 1026 4112 Eros.
1061 4049 1263 4111 Ptolemaeus
1279 4069 1307 4110 c.
1331 4049 1353 4108 l.

314 4165 545 4219 commemorat
563 4151 695 4222 urbem,
720 4171 800 4233 quae
819 4163 949 4213 vocatur
965 4143 1134 4239 'Aptt'cetm
1162 4151 1214 4212 vel
1230 4145 1355 4243 Amista
