2696 4896
210 413 213 420 ’
289 441 349 512 124
555 435 715 495 noran
756 436 1058 495 axanarrcan

285 607 463 672 fabularum
486 608 547 671 lide
569 608 673 671 scribit
686 609 799 673 Cicero
815 611 855 671 de
874 623 937 673 nat.
957 612 1054 672 Deor.
1076 622 1107 690 3,
1125 623 1181 689 25.
1213 606 1330 672 Schol.

285 711 450 793 Apollonii
466 711 502 770 ad
521 729 551 779 a,
568 708 650 787 677.
672 706 718 774 hb
734 735 764 774 κ.
782 709 883 774 ἐκεῖσε
898 711 1017 799 χωρῶν
1032 710 1186 794 (apoto)
1206 703 1329 794 ὤφθη.

284 811 429 882 Lucum,
461 812 636 893 templum,
670 813 782 874 urbem
810 813 965 896 Apollinis
989 812 1072 892 apud
1097 831 1152 875 eoa
1176 831 1328 874 cumme-

284 923 388 974 morat
415 913 551 974 Diorlor.
572 933 598 976 c.
624 914 646 976 l.
682 915 837 996 templum
869 915 1062 976 Pherenicua
1090 916 1173 996 apud
1209 913 1326 976 Schol.

282 1013 413 1074 Pindari
426 1015 463 1074 ad
476 1013 606 1096 Olymp.
625 1029 655 1094 5,
672 1027 730 1093 28.
748 1030 780 1077 et
791 1017 923 1077 Tzetzea
934 1015 1017 1078 Chil.
1037 1029 1069 1086 7,
1090 1026 1169 1095 ι44.
1186 1035 1222 1076 v.
1235 1015 1324 1088 677.

284 1114 435 1177 Aelianus
452 1115 520 1177 bill.
538 1135 588 1178 an.
611 1135 666 1185 tr,
686 1137 714 1180 ι.
737 1137 775 1178 ex
796 1118 968 1188 Hecataeo,
993 1115 1088 1176 etiam
1102 1117 1142 1178 de
1158 1114 1324 1176 sacrificio.

285 1215 371 1276 Hinc
391 1209 595 1291 Ἀπόλλωνος
618 1211 807 1304 θεράποντα
831 1219 988 1299 populum
1013 1217 1104 1277 illum
1127 1231 1225 1278 vocat
1250 1215 1325 1277 Pin·

285 1316 377 1380 darua
402 1317 532 1398 Olymp.
554 1331 585 1396 3,
609 1334 667 1396 29.
727 1319 776 1379 Ex
810 1335 953 1380 veterum
988 1321 1140 1380 Titanum
1167 1318 1325 1403 languine

283 1419 475 1502 germinalle,
500 1419 592 1480 tradit
609 1420 800 1480 Pherenicue
815 1441 842 1483 c.
861 1421 881 1480 l.
918 1421 1031 1482 Titana
1047 1435 1153 1481 autem
1170 1420 1213 1481 de
1229 1419 1323 1498 Apol·

281 1520 348 1580 line
371 1521 432 1580 dici
453 1537 579 1582 notum.
633 1521 717 1584 Hinc
739 1521 853 1602 Apollo
875 1521 1087 1606 undevigenia
1107 1523 1199 1582 annia
1224 1518 1321 1581 semet

282 1639 395 1682 eorum
411 1620 542 1683 insulam
557 1621 651 1691 adire,
668 1641 731 1703 quo
751 1625 902 1702 temporie
917 1621 1013 1705 spatio
1031 1622 1104 1684 allra
1120 1621 1157 1682 ad
1175 1621 1321 1682 eundem

282 1723 430 1784 ordinem
452 1724 581 1784 redeant
594 1742 799 1807 ,magnusque
820 1724 871 1784 liat
891 1743 1012 1794 annua,
1043 1723 1147 1785 scribit
1161 1743 1200 1784 ex
1220 1723 1321 1784 Heca·

282 1836 353 1886 taeo
377 1825 473 1886 Diod.
493 1845 519 1886 c.
542 1823 563 1884 l.
600 1825 677 1885 item
708 1825 742 1885 in
769 1823 832 1906 ipsa
860 1825 1057 1907 adparitione
1085 1826 1191 1886 Deum
1219 1835 1320 1884 noctu

282 1927 398 1988 cithara
419 1925 562 2007 psallere,
598 1925 786 2008 choreasque
809 1927 924 2010 agitare
940 1925 978 1986 ab
997 1927 1198 2006 aequinoctio
1216 1941 1319 1986 verno

280 2025 320 2087 ad
336 2028 499 2088 Pleiadum
515 2027 693 2098 exordium,
716 2026 770 2110 (de
783 2045 846 2108 quo
862 2025 900 2090 cf.
918 2026 1114 2089 uetuerat.
1130 2047 1162 2109 p.
1171 2027 1251 2105 '469
1263 2019 1319 2105 tq.)

281 2127 489 2190 orbitantem
506 2126 675 2207 imperium
694 2130 866 2210 templique
887 2148 991 2188 curam
1009 2128 1068 2190 effe
1085 2147 1183 2210 penes
1203 2127 1318 2188 Borea·

282 2227 352 2297 dae,
387 2227 506 2288 Boreae
532 2229 737 2310 progeniem,
770 2231 824 2310 qui
858 2225 1047 2290 luccellione
1079 2228 1108 2290 ie
1142 2228 1314 2311 excipiant.

279 2328 331 2390 De
346 2327 463 2390 Boreae
479 2329 559 2399 filiis,
580 2328 719 2410 Apollini
737 2329 835 2401 iacrie,
857 2333 952 2392 etiam
972 2331 1091 2392 helian.
1107 2349 1134 2392 c.
1152 2331 1173 2391 l.
1229 2329 1316 2391 Anti·

280 2433 433 2512 quitatem
451 2427 571 2491 labulae
587 2431 627 2491 de
644 2446 823 2492 commeatu
838 2432 893 2493 illo
908 2433 1064 2514 Apollinis
1086 2431 1201 2514 adtigit
1217 2431 1314 2492 etiam

279 2531 428 2612 Apollou.
453 2530 560 2593 Rhod.
583 2546 615 2603 α,
639 2534 723 2605 677.
762 2532 817 2592 ubi
840 2546 873 2592 et
903 2532 1010 2593 Schol.
1043 2532 1084 2593 de
1110 2532 1196 2592 cultu
1233 2531 1313 2592 eiua.

279 2632 586 2695 Cotumemorantur
607 2647 712 2694 autem
734 2636 766 2694 in
784 2635 921 2696 victimia
940 2635 1101 2715 praecipue
1123 2631 1215 2700 afini,
1249 2629 1312 2691 vel·

279 2735 328 2794 uti
357 2735 438 2816 apud
464 2735 591 2797 Pindar.
615 2734 711 2814 Pyth.
735 2754 788 2802 ιο,
813 2747 872 2812 5¹·
899 2734 973 2811 (uhi
1002 2725 1081 2796 ὄνων
1106 2727 1312 2820 ἑκατόμβαι)

280 2833 462 2898 Callimach.
486 2832 597 2918 fragm.
623 2849 700 2912 137.
725 2845 804 2912 188.
827 2834 903 2911 (ubi
926 2830 1142 2918 ὀνοσφαγίαι)
1169 2833 1310 2894 Eustath.

279 2935 317 2996 ad
333 2937 465 2998 Homer.
487 2937 524 2998 ll.
546 2955 576 3006 t,
593 2947 651 3016 40.
668 2957 737 3020 pag.
756 2952 813 3008 27.
833 2933 900 2998 Bal.
917 2957 956 2998 ex
971 2937 1129 3006 Pindaro,
1155 2934 1310 2995 Antonin.

265 3036 415 3097 ·Liberal.
436 3057 500 3119 cap.
520 3055 577 3100 20.
610 3037 769 3099 Clement.
792 3039 825 3097 in
847 3038 1043 3118 Protreptico
1063 3057 1094 3118 p.
1114 3047 1148 3112 8.
1175 3051 1207 3096 et
1230 3051 1309 3117 quae

278 3137 376 3199 habet
391 3136 544 3200 Gelnerue
559 3139 599 3200 T.
618 3155 650 3200 2.
667 3151 874 3200 commentar.
893 3139 1057 3220 Goetting.
1074 3158 1106 3219 p.
1124 3150 1169 3215 55
1185 3135 1227 3216 tq.
1254 3131 1310 3193 etli

279 3239 320 3301 de
340 3259 380 3300 eo
403 3239 525 3300 dubitat
545 3239 691 3302 Bochart.
715 3243 747 3301 iu
768 3241 957 3301 Hierozoico
978 3257 1008 3308 c,
1032 3256 1086 3317 ¹9·
1107 3252 1190 3313 230.
1220 3235 1308 3317 quod

279 3343 314 3401 in
334 3340 478 3420 Scythia,
512 3342 600 3401 cuiue
624 3341 779 3421 populum
802 3360 874 3400 cum
896 3341 963 3400 aliie
980 3337 1052 3400 lacit
1071 3337 1306 3421 Hyperboreos,

278 3461 338 3502 nec
352 3439 464 3507 'abnue
488 3461 546 3502 nec
569 3443 673 3501 mulus
689 3443 868 3522 reperiatur,
895 3441 1006 3520 illaque
1021 3441 1168 3500 animalia
1183 3437 1308 3522 frigoris

277 3541 337 3603 lint
359 3543 566 3621 impatientia.
610 3538 660 3602 Cf.
685 3553 790 3602 tamen
814 3539 972 3621 Verheylr.
997 3541 1035 3602 arl
1058 3531 1210 3602 Antonin.
1234 3538 1305 3600 Lib.

277 3662 344 3724 cap.
362 3659 418 3704 ρο.
436 3660 467 3723 p.
490 3659 569 3721 129.
593 3655 625 3701 et
642 3640 797 3702 Gesnerue
812 3643 849 3700 ad
866 3641 980 3701 calcem
999 3641 1118 3723 Orphei
1134 3660 1206 3724 pag.
1221 3651 1304 3720 477.

277 3743 331 3824 qui
349 3757 381 3802 et
398 3742 454 3802 hac
469 3743 509 3804 de
532 3739 618 3803 caula
635 3741 857 3822 Hyperboreos
873 3743 907 3802 in
923 3741 1102 3826 Hispaniae,
1123 3744 1174 3804 vel
1189 3741 1304 3820 Libyae

279 3843 465 3906 occidentali
485 3845 578 3906 litore
598 3845 729 3925 quaerit.

351 4043 541 4126 operati)
591 4043 729 4105 Verbum
757 4044 797 4106 tle
824 4041 976 4108 sacrifieiis
1002 4044 1158 4118 solemne,
1190 4060 1227 4107 ut
1250 4042 1301 4106 Gr.

278 4139 392 4236 ἕρδειν,
415 4140 523 4233 ῥέζειν.
565 4145 618 4208 sie
632 4145 755 4226 operari
763 4137 869 4236 saeris
884 4148 955 4210 Liv.
971 4168 1000 4219 a,
1014 4159 1073 4224 31.
1084 4145 1107 4211 l.
1134 4165 1191 4220 ar,
1204 4164 1259 4219 αα,
1269 4145 1300 4208 6.
