<?xml version="1.0" encoding="UTF-8"?>
<!DOCTYPE html PUBLIC "-//W3C//DTD XHTML 1.0 Transitional//EN"
    "http://www.w3.org/TR/xhtml1/DTD/xhtml1-transitional.dtd">
<html xmlns="http://www.w3.org/1999/xhtml" xml:lang="en" lang="en">
 <head>
  <title>
</title>
<meta http-equiv="Content-Type" content="text/html;charset=utf-8" />
  <meta name='ocr-system' content='tesseract 3.04.00' />
  <meta name='ocr-capabilities' content='ocr_page ocr_carea ocr_par ocr_line ocrx_word'/>
</head>
<body>
  <div class='ocr_page' id='page_1' title='image "./pomponiimelaede03melagoog_0111.png"; bbox 0 0 2696 4896; ppageno 0'>
   <div class='ocr_carea' id='block_1_1' title="bbox 196 382 1109 458">
    <p class='ocr_par' dir='ltr' id='par_1_1' title="bbox 196 382 1109 458">
     <span class='ocr_line' id='line_1_1' title="bbox 196 382 1109 458; baseline 0.004 -22"><span class='ocrx_word' id='word_1_1' title='bbox 196 382 251 440; x_wconf 80' lang='lat' dir='ltr'>an</span> <span class='ocrx_word' id='word_1_2' title='bbox 278 384 415 442; x_wconf 77' lang='lat' dir='ltr'>rone.</span> <span class='ocrx_word' id='word_1_3' title='bbox 446 385 554 442; x_wconf 74' lang='lat' dir='ltr'>nnn</span> <span class='ocrx_word' id='word_1_4' title='bbox 596 384 706 442; x_wconf 75' lang='lat' dir='ltr'>nni.</span> <span class='ocrx_word' id='word_1_5' title='bbox 749 385 857 443; x_wconf 84' lang='lat' dir='ltr'>orn.</span> <span class='ocrx_word' id='word_1_6' title='bbox 898 383 977 458; x_wconf 73' lang='lat' dir='ltr'>it·</span> <span class='ocrx_word' id='word_1_7' title='bbox 1050 395 1109 458; x_wconf 54' lang='grc' dir='ltr'>ιη</span> 
     </span>
    </p>
   </div>
   <div class='ocr_carea' id='block_1_2' title="bbox 49 556 1147 4092">
    <p class='ocr_par' dir='ltr' id='par_1_2' title="bbox 49 556 1147 4092">
     <span class='ocr_line' id='line_1_2' title="bbox 60 556 1104 622; baseline 0 -4"><span class='ocrx_word' id='word_1_8' title='bbox 60 568 170 618; x_wconf 77' lang='lat' dir='ltr'>mente</span> <span class='ocrx_word' id='word_1_9' title='bbox 187 557 356 621; x_wconf 76' lang='lat' dir='ltr'>Strabonis</span> <span class='ocrx_word' id='word_1_10' title='bbox 375 557 606 622; x_wconf 78' lang='lat' dir='ltr'>Chersonesum</span> <span class='ocrx_word' id='word_1_11' title='bbox 626 557 771 621; x_wconf 86' lang='lat' dir='ltr'>tenuisse.</span> <span class='ocrx_word' id='word_1_12' title='bbox 801 557 874 620; x_wconf 83' lang='lat' dir='ltr'>Viti.</span> <span class='ocrx_word' id='word_1_13' title='bbox 889 556 1056 619; x_wconf 86' lang='lat' dir='ltr'>Pontanue</span> <span class='ocrx_word' id='word_1_14' title='bbox 1068 557 1104 618; x_wconf 89' lang='lat' dir='ltr'>in</span> 
     </span>
     <span class='ocr_line' id='line_1_3' title="bbox 62 656 1101 746; baseline 0.004 -29"><span class='ocrx_word' id='word_1_15' title='bbox 62 659 223 746; x_wconf 58' lang='lat' dir='ltr'>§horogn</span> <span class='ocrx_word' id='word_1_16' title='bbox 242 662 361 722; x_wconf 90' lang='lat' dir='ltr'>Daniae</span> <span class='ocrx_word' id='word_1_17' title='bbox 377 660 472 724; x_wconf 83' lang='lat' dir='ltr'>deser.</span> <span class='ocrx_word' id='word_1_18' title='bbox 489 684 519 743; x_wconf 89' lang='lat' dir='ltr'>p.</span> <span class='ocrx_word' id='word_1_19' title='bbox 531 663 604 742; x_wconf 78' lang='lat'>644</span> <span class='ocrx_word' id='word_1_20' title='bbox 616 660 675 742; x_wconf 95' lang='lat' dir='ltr'>sqq.</span> <span class='ocrx_word' id='word_1_21' title='bbox 705 661 759 720; x_wconf 90' lang='lat' dir='ltr'>nbi</span> <span class='ocrx_word' id='word_1_22' title='bbox 777 660 817 721; x_wconf 86' lang='lat' dir='ltr'>de</span> <span class='ocrx_word' id='word_1_23' title='bbox 832 660 889 719; x_wconf 87' lang='lat' dir='ltr'>hac</span> <span class='ocrx_word' id='word_1_24' title='bbox 903 656 1101 721; x_wconf 78' lang='lat' dir='ltr'>Chersoneso</span> 
     </span>
     <span class='ocr_line' id='line_1_4' title="bbox 63 759 1102 846; baseline 0.004 -28"><span class='ocrx_word' id='word_1_25' title='bbox 63 762 227 822; x_wconf 83' lang='lat' dir='ltr'>rariorum</span> <span class='ocrx_word' id='word_1_26' title='bbox 245 765 440 825; x_wconf 70' lang='lat' dir='ltr'>narrationes</span> <span class='ocrx_word' id='word_1_27' title='bbox 453 765 553 846; x_wconf 83' lang='lat' dir='ltr'>exigit</span> <span class='ocrx_word' id='word_1_28' title='bbox 569 776 602 825; x_wconf 88' lang='lat' dir='ltr'>et</span> <span class='ocrx_word' id='word_1_29' title='bbox 619 763 769 826; x_wconf 83' lang='lat' dir='ltr'>inlustrat.</span> <span class='ocrx_word' id='word_1_30' title='bbox 821 759 970 824; x_wconf 84' lang='lat' dir='ltr'>Diversoe</span> <span class='ocrx_word' id='word_1_31' title='bbox 995 774 1102 822; x_wconf 88' lang='lat' dir='ltr'>tamen</span> 
     </span>
     <span class='ocr_line' id='line_1_5' title="bbox 57 861 1100 950; baseline 0.003 -29"><span class='ocrx_word' id='word_1_32' title='bbox 57 861 111 922; x_wconf 81' lang='lat' dir='ltr'>hoe</span> <span class='ocrx_word' id='word_1_33' title='bbox 123 861 283 924; x_wconf 76' lang='lat' dir='ltr'>Cimbros</span> <span class='ocrx_word' id='word_1_34' title='bbox 296 863 335 922; x_wconf 88' lang='lat' dir='ltr'>ab</span> <span class='ocrx_word' id='word_1_35' title='bbox 353 865 402 932; x_wconf 83' lang='lat' dir='ltr'>ile.</span> <span class='ocrx_word' id='word_1_36' title='bbox 423 885 502 946; x_wconf 88' lang='lat' dir='ltr'>qnoe</span> <span class='ocrx_word' id='word_1_37' title='bbox 516 866 636 926; x_wconf 77' lang='lat' dir='ltr'>Mariua</span> <span class='ocrx_word' id='word_1_38' title='bbox 650 863 781 950; x_wconf 77' lang='lat' dir='ltr'>fugavit.</span> <span class='ocrx_word' id='word_1_39' title='bbox 805 863 957 926; x_wconf 80' lang='lat' dir='ltr'>existimat</span> <span class='ocrx_word' id='word_1_40' title='bbox 970 861 1100 924; x_wconf 79' lang='lat' dir='ltr'>Schloe·</span> 
     </span>
     <span class='ocr_line' id='line_1_6' title="bbox 54 963 1099 1050; baseline 0.004 -29"><span class='ocrx_word' id='word_1_41' title='bbox 54 983 104 1022; x_wconf 85' lang='lat' dir='ltr'>aer</span> <span class='ocrx_word' id='word_1_42' title='bbox 119 965 162 1022; x_wconf 84' lang='lat' dir='ltr'>atl</span> <span class='ocrx_word' id='word_1_43' title='bbox 179 964 392 1048; x_wconf 84' lang='lat' dir='ltr'>Schoeningii</span> <span class='ocrx_word' id='word_1_44' title='bbox 410 963 475 1028; x_wconf 89' lang='lat' dir='ltr'>diss.</span> <span class='ocrx_word' id='word_1_45' title='bbox 492 987 563 1050; x_wconf 81' lang='lat' dir='ltr'>pag.</span> <span class='ocrx_word' id='word_1_46' title='bbox 585 967 664 1030; x_wconf 77' lang='lat'><strong>166.</strong></span> <span class='ocrx_word' id='word_1_47' title='bbox 681 979 749 1031; x_wconf 90' lang='lat' dir='ltr'>not.</span> <span class='ocrx_word' id='word_1_48' title='bbox 766 967 806 1028; x_wconf 93' lang='lat' dir='ltr'>D.</span> <span class='ocrx_word' id='word_1_49' title='bbox 823 985 850 1028; x_wconf 87' lang='lat' dir='ltr'>c.</span> <span class='ocrx_word' id='word_1_50' title='bbox 865 967 887 1029; x_wconf 97' lang='lat' dir='ltr'>l.</span> <span class='ocrx_word' id='word_1_51' title='bbox 937 965 1099 1046; x_wconf 81' lang='lat' dir='ltr'>Equidem</span> 
     </span>
     <span class='ocr_line' id='line_1_7' title="bbox 53 1063 1098 1151; baseline 0.005 -28"><span class='ocrx_word' id='word_1_52' title='bbox 53 1063 90 1124; x_wconf 84' lang='lat' dir='ltr'>lic</span> <span class='ocrx_word' id='word_1_53' title='bbox 104 1067 224 1147; x_wconf 82' lang='lat' dir='ltr'>capio.</span> <span class='ocrx_word' id='word_1_54' title='bbox 251 1068 330 1128; x_wconf 84' lang='lat' dir='ltr'>asine</span> <span class='ocrx_word' id='word_1_55' title='bbox 344 1069 418 1128; x_wconf 87' lang='lat' dir='ltr'>inde</span> <span class='ocrx_word' id='word_1_56' title='bbox 433 1067 574 1151; x_wconf 82' lang='lat' dir='ltr'>migrasse</span> <span class='ocrx_word' id='word_1_57' title='bbox 590 1065 735 1149; x_wconf 79' lang='lat' dir='ltr'>fusosque</span> <span class='ocrx_word' id='word_1_58' title='bbox 748 1087 764 1128; x_wconf 90' lang='lat' dir='ltr'>a</span> <span class='ocrx_word' id='word_1_59' title='bbox 782 1067 894 1138; x_wconf 82' lang='lat' dir='ltr'>llario,</span> <span class='ocrx_word' id='word_1_60' title='bbox 920 1067 997 1128; x_wconf 87' lang='lat' dir='ltr'>alioe</span> <span class='ocrx_word' id='word_1_61' title='bbox 1012 1063 1098 1128; x_wconf 79' lang='lat' dir='ltr'>ledea</span> 
     </span>
     <span class='ocr_line' id='line_1_8' title="bbox 51 1163 1098 1251; baseline 0.002 -27"><span class='ocrx_word' id='word_1_62' title='bbox 51 1163 120 1227; x_wconf 87' lang='lat' dir='ltr'>snae</span> <span class='ocrx_word' id='word_1_63' title='bbox 142 1167 291 1230; x_wconf 86' lang='lat' dir='ltr'>tenuisse.</span> <span class='ocrx_word' id='word_1_64' title='bbox 329 1168 419 1251; x_wconf 84' lang='lat' dir='ltr'>Quae</span> <span class='ocrx_word' id='word_1_65' title='bbox 435 1169 595 1232; x_wconf 84' lang='lat' dir='ltr'>diversitae</span> <span class='ocrx_word' id='word_1_66' title='bbox 614 1171 635 1230; x_wconf 84' lang='lat' dir='ltr'>sr</span> <span class='ocrx_word' id='word_1_67' title='bbox 655 1170 861 1240; x_wconf 82' lang='lat' dir='ltr'>concedatur,</span> <span class='ocrx_word' id='word_1_68' title='bbox 889 1167 1002 1230; x_wconf 85' lang='lat' dir='ltr'>lobene</span> <span class='ocrx_word' id='word_1_69' title='bbox 1022 1184 1098 1228; x_wconf 88' lang='lat' dir='ltr'>con·</span> 
     </span>
     <span class='ocr_line' id='line_1_9' title="bbox 51 1264 1147 1354; baseline 0.006 -27"><span class='ocrx_word' id='word_1_70' title='bbox 51 1264 171 1329; x_wconf 87' lang='lat' dir='ltr'>sentio.</span> <span class='ocrx_word' id='word_1_71' title='bbox 211 1269 326 1331; x_wconf 86' lang='lat' dir='ltr'>Cicero</span> <span class='ocrx_word' id='word_1_72' title='bbox 346 1273 475 1351; x_wconf 88' lang='lat' dir='ltr'>quidem</span> <span class='ocrx_word' id='word_1_73' title='bbox 495 1271 535 1333; x_wconf 87' lang='lat' dir='ltr'>de</span> <span class='ocrx_word' id='word_1_74' title='bbox 559 1273 703 1354; x_wconf 81' lang='lat' dir='ltr'><strong>provinc.</strong></span> <span class='ocrx_word' id='word_1_75' title='bbox 720 1267 804 1334; x_wconf 89' lang='lat' dir='ltr'>cons.</span> <span class='ocrx_word' id='word_1_76' title='bbox 822 1289 888 1351; x_wconf 87' lang='lat' dir='ltr'>cap.</span> <span class='ocrx_word' id='word_1_77' title='bbox 912 1283 965 1348; x_wconf 75' lang='lat'>15.</span> <span class='ocrx_word' id='word_1_78' title='bbox 983 1287 1098 1330; x_wconf 84' lang='lat' dir='ltr'>eorum</span> <span class='ocrx_word' id='word_1_79' title='bbox 1139 1311 1147 1334; x_wconf 61' lang='grc' dir='ltr'><strong><em>ι</em></strong></span> 
     </span>
     <span class='ocr_line' id='line_1_10' title="bbox 51 1366 1096 1456; baseline 0.003 -29"><span class='ocrx_word' id='word_1_80' title='bbox 51 1366 145 1429; x_wconf 82' lang='lat' dir='ltr'>ledea</span> <span class='ocrx_word' id='word_1_81' title='bbox 168 1385 203 1430; x_wconf 88' lang='lat' dir='ltr'>et</span> <span class='ocrx_word' id='word_1_82' title='bbox 228 1369 324 1431; x_wconf 83' lang='lat' dir='ltr'>urben</span> <span class='ocrx_word' id='word_1_83' title='bbox 345 1373 378 1431; x_wconf 94' lang='lat' dir='ltr'>in</span> <span class='ocrx_word' id='word_1_84' title='bbox 395 1373 492 1434; x_wconf 88' lang='lat' dir='ltr'>Gallia</span> <span class='ocrx_word' id='word_1_85' title='bbox 509 1391 629 1456; x_wconf 89' lang='lat' dir='ltr'>ponere</span> <span class='ocrx_word' id='word_1_86' title='bbox 645 1373 790 1441; x_wconf 75' lang='lat' dir='ltr'>videtne,</span> <span class='ocrx_word' id='word_1_87' title='bbox 822 1373 894 1453; x_wconf 91' lang='lat' dir='ltr'>qnia</span> <span class='ocrx_word' id='word_1_88' title='bbox 910 1372 987 1432; x_wconf 89' lang='lat' dir='ltr'>dicit</span> <span class='ocrx_word' id='word_1_89' title='bbox 1001 1389 1017 1430; x_wconf 88' lang='lat' dir='ltr'>a</span> <span class='ocrx_word' id='word_1_90' title='bbox 1033 1369 1096 1430; x_wconf 91' lang='lat' dir='ltr'>lul.</span> 
     </span>
     <span class='ocr_line' id='line_1_11' title="bbox 51 1469 1098 1559; baseline -0.001 -27"><span class='ocrx_word' id='word_1_91' title='bbox 51 1469 192 1532; x_wconf 84' lang='lat' dir='ltr'>Caesare</span> <span class='ocrx_word' id='word_1_92' title='bbox 215 1471 332 1532; x_wconf 83' lang='lat' dir='ltr'>bellum</span> <span class='ocrx_word' id='word_1_93' title='bbox 350 1473 506 1534; x_wconf 86' lang='lat' dir='ltr'>Gallicum</span> <span class='ocrx_word' id='word_1_94' title='bbox 528 1488 617 1536; x_wconf 86' lang='lat' dir='ltr'>antea</span> <span class='ocrx_word' id='word_1_95' title='bbox 640 1475 777 1559; x_wconf 76' lang='lat' dir='ltr'>gallum,</span> <span class='ocrx_word' id='word_1_96' title='bbox 808 1471 1035 1534; x_wconf 88' lang='lat' dir='ltr'>tantummodo</span> <span class='ocrx_word' id='word_1_97' title='bbox 1051 1489 1098 1531; x_wconf 86' lang='lat' dir='ltr'>re·</span> 
     </span>
     <span class='ocr_line' id='line_1_12' title="bbox 49 1570 1098 1658; baseline 0.001 -27"><span class='ocrx_word' id='word_1_98' title='bbox 49 1570 186 1653; x_wconf 89' lang='lat' dir='ltr'>pulsnm</span> <span class='ocrx_word' id='word_1_99' title='bbox 211 1572 286 1646; x_wconf 90' lang='lat' dir='ltr'>else;</span> <span class='ocrx_word' id='word_1_100' title='bbox 321 1573 459 1636; x_wconf 84' lang='lat' dir='ltr'>lilarinm</span> <span class='ocrx_word' id='word_1_101' title='bbox 483 1573 650 1657; x_wconf 76' lang='lat' dir='ltr'>repressisse</span> <span class='ocrx_word' id='word_1_102' title='bbox 672 1577 802 1658; x_wconf 89' lang='lat' dir='ltr'>quidem</span> <span class='ocrx_word' id='word_1_103' title='bbox 824 1574 975 1636; x_wconf 85' lang='lat' dir='ltr'>maximae</span> <span class='ocrx_word' id='word_1_104' title='bbox 991 1571 1098 1634; x_wconf 90' lang='lat' dir='ltr'>Gallo·</span> 
     </span>
     <span class='ocr_line' id='line_1_13' title="bbox 53 1669 1098 1758; baseline -0.003 -24"><span class='ocrx_word' id='word_1_105' title='bbox 53 1692 129 1734; x_wconf 84' lang='lat' dir='ltr'>rum</span> <span class='ocrx_word' id='word_1_106' title='bbox 154 1677 280 1754; x_wconf 82' lang='lat' dir='ltr'>copiae.</span> <span class='ocrx_word' id='word_1_107' title='bbox 318 1675 367 1736; x_wconf 86' lang='lat' dir='ltr'>sed</span> <span class='ocrx_word' id='word_1_108' title='bbox 389 1677 426 1736; x_wconf 90' lang='lat' dir='ltr'>ad</span> <span class='ocrx_word' id='word_1_109' title='bbox 448 1695 560 1738; x_wconf 87' lang='lat' dir='ltr'>eorum</span> <span class='ocrx_word' id='word_1_110' title='bbox 588 1676 673 1738; x_wconf 79' lang='lat' dir='ltr'>sedeo</span> <span class='ocrx_word' id='word_1_111' title='bbox 696 1697 761 1739; x_wconf 92' lang='lat' dir='ltr'>non</span> <span class='ocrx_word' id='word_1_112' title='bbox 788 1674 978 1758; x_wconf 82' lang='lat' dir='ltr'>penetraffe,</span> <span class='ocrx_word' id='word_1_113' title='bbox 1010 1669 1098 1754; x_wconf 85' lang='lat' dir='ltr'>quod</span> 
     </span>
     <span class='ocr_line' id='line_1_14' title="bbox 53 1772 1097 1861; baseline 0 -28"><span class='ocrx_word' id='word_1_114' title='bbox 53 1791 192 1856; x_wconf 85' lang='lat' dir='ltr'>propter</span> <span class='ocrx_word' id='word_1_115' title='bbox 209 1777 426 1856; x_wconf 79' lang='lat' dir='ltr'>praecedentia</span> <span class='ocrx_word' id='word_1_116' title='bbox 446 1783 584 1861; x_wconf 81' lang='lat' dir='ltr'>pertinet</span> <span class='ocrx_word' id='word_1_117' title='bbox 595 1779 632 1839; x_wconf 90' lang='lat' dir='ltr'>ad</span> <span class='ocrx_word' id='word_1_118' title='bbox 649 1779 709 1842; x_wconf 88' lang='lat' dir='ltr'>lul.</span> <span class='ocrx_word' id='word_1_119' title='bbox 726 1776 864 1840; x_wconf 88' lang='lat' dir='ltr'>Caesarie</span> <span class='ocrx_word' id='word_1_120' title='bbox 878 1775 1015 1838; x_wconf 87' lang='lat' dir='ltr'>laudem.</span> <span class='ocrx_word' id='word_1_121' title='bbox 1049 1772 1097 1833; x_wconf 86' lang='lat' dir='ltr'>lta</span> 
     </span>
     <span class='ocr_line' id='line_1_15' title="bbox 53 1875 1095 1965; baseline 0 -29"><span class='ocrx_word' id='word_1_122' title='bbox 53 1875 230 1938; x_wconf 74' lang='lat' dir='ltr'>advorsum</span> <span class='ocrx_word' id='word_1_123' title='bbox 250 1879 357 1940; x_wconf 88' lang='lat' dir='ltr'>Galloe</span> <span class='ocrx_word' id='word_1_124' title='bbox 378 1880 459 1942; x_wconf 88' lang='lat' dir='ltr'>male</span> <span class='ocrx_word' id='word_1_125' title='bbox 481 1893 658 1965; x_wconf 78' lang='lat' dir='ltr'>pugnatum</span> <span class='ocrx_word' id='word_1_126' title='bbox 682 1881 759 1941; x_wconf 86' lang='lat' dir='ltr'>dicit</span> <span class='ocrx_word' id='word_1_127' title='bbox 777 1877 896 1941; x_wconf 86' lang='lat' dir='ltr'>Sallust.</span> <span class='ocrx_word' id='word_1_128' title='bbox 911 1877 951 1937; x_wconf 86' lang='lat' dir='ltr'>de</span> <span class='ocrx_word' id='word_1_129' title='bbox 966 1875 1003 1939; x_wconf 87' lang='lat' dir='ltr'>B.</span> <span class='ocrx_word' id='word_1_130' title='bbox 1025 1875 1095 1957; x_wconf 80' lang='lat' dir='ltr'>lug.</span> 
     </span>
     <span class='ocr_line' id='line_1_16' title="bbox 54 1975 1097 2064; baseline -0.001 -28"><span class='ocrx_word' id='word_1_131' title='bbox 54 1995 122 2057; x_wconf 85' lang='lat' dir='ltr'>cap.</span> <span class='ocrx_word' id='word_1_132' title='bbox 148 1989 231 2056; x_wconf 74' lang='lat'><strong>¹¹4·</strong></span> <span class='ocrx_word' id='word_1_133' title='bbox 251 1980 294 2040; x_wconf 94' lang='lat' dir='ltr'>in.</span> <span class='ocrx_word' id='word_1_134' title='bbox 321 2001 337 2041; x_wconf 86' lang='lat' dir='ltr'>a</span> <span class='ocrx_word' id='word_1_135' title='bbox 360 1979 520 2064; x_wconf 77' lang='lat' dir='ltr'>Caepione</span> <span class='ocrx_word' id='word_1_136' title='bbox 543 1996 575 2044; x_wconf 94' lang='lat' dir='ltr'>et</span> <span class='ocrx_word' id='word_1_137' title='bbox 597 1981 739 2061; x_wconf 85' lang='lat' dir='ltr'>Manlio,</span> <span class='ocrx_word' id='word_1_138' title='bbox 778 1980 865 2062; x_wconf 91' lang='lat' dir='ltr'>quod</span> <span class='ocrx_word' id='word_1_139' title='bbox 890 1978 927 2039; x_wconf 86' lang='lat' dir='ltr'>ad</span> <span class='ocrx_word' id='word_1_140' title='bbox 946 1975 1097 2039; x_wconf 77' lang='lat' dir='ltr'>Cimbros</span> 
     </span>
     <span class='ocr_line' id='line_1_17' title="bbox 55 2075 1097 2164; baseline -0.003 -26"><span class='ocrx_word' id='word_1_141' title='bbox 55 2077 154 2139; x_wconf 82' lang='lat' dir='ltr'>refert</span> <span class='ocrx_word' id='word_1_142' title='bbox 177 2081 290 2143; x_wconf 83' lang='lat' dir='ltr'>Florue</span> <span class='ocrx_word' id='word_1_143' title='bbox 316 2095 347 2161; x_wconf 80' lang='lat'>3.</span> <span class='ocrx_word' id='word_1_144' title='bbox 372 2095 404 2161; x_wconf 82' lang='lat'>3,</span> <span class='ocrx_word' id='word_1_145' title='bbox 429 2095 462 2164; x_wconf 79' lang='lat' dir='ltr'>q.</span> <span class='ocrx_word' id='word_1_146' title='bbox 498 2081 548 2145; x_wconf 86' lang='lat' dir='ltr'>Cs.</span> <span class='ocrx_word' id='word_1_147' title='bbox 573 2083 701 2146; x_wconf 82' lang='lat' dir='ltr'>Oroline</span> <span class='ocrx_word' id='word_1_148' title='bbox 719 2093 751 2160; x_wconf 88' lang='lat'>5,</span> <span class='ocrx_word' id='word_1_149' title='bbox 775 2077 830 2148; x_wconf 84' lang='lat'>16.</span> <span class='ocrx_word' id='word_1_150' title='bbox 880 2079 965 2141; x_wconf 87' lang='lat' dir='ltr'>Hinc</span> <span class='ocrx_word' id='word_1_151' title='bbox 985 2075 1097 2138; x_wconf 80' lang='lat' dir='ltr'>bellum</span> 
     </span>
     <span class='ocr_line' id='line_1_18' title="bbox 60 2177 1097 2265; baseline -0.002 -25"><span class='ocrx_word' id='word_1_152' title='bbox 60 2179 238 2251; x_wconf 75' lang='lat' dir='ltr'>Gallinam,</span> <span class='ocrx_word' id='word_1_153' title='bbox 266 2197 301 2243; x_wconf 89' lang='lat' dir='ltr'>ut</span> <span class='ocrx_word' id='word_1_154' title='bbox 319 2181 405 2265; x_wconf 83' lang='lat' dir='ltr'>snpra</span> <span class='ocrx_word' id='word_1_155' title='bbox 430 2185 551 2246; x_wconf 84' lang='lat' dir='ltr'>notavi.</span> <span class='ocrx_word' id='word_1_156' title='bbox 590 2185 700 2246; x_wconf 85' lang='lat' dir='ltr'>Florne</span> <span class='ocrx_word' id='word_1_157' title='bbox 717 2205 743 2246; x_wconf 85' lang='lat' dir='ltr'>c.</span> <span class='ocrx_word' id='word_1_158' title='bbox 761 2185 782 2248; x_wconf 97' lang='lat' dir='ltr'>l.</span> <span class='ocrx_word' id='word_1_159' title='bbox 802 2184 841 2245; x_wconf 90' lang='lat' dir='ltr'>ab</span> <span class='ocrx_word' id='word_1_160' title='bbox 858 2181 1006 2244; x_wconf 82' lang='lat' dir='ltr'>extremie</span> <span class='ocrx_word' id='word_1_161' title='bbox 1024 2177 1097 2240; x_wconf 84' lang='lat' dir='ltr'>Gal·</span> 
     </span>
     <span class='ocr_line' id='line_1_19' title="bbox 56 2280 1098 2367; baseline -0.001 -27"><span class='ocrx_word' id='word_1_162' title='bbox 56 2280 115 2342; x_wconf 89' lang='lat' dir='ltr'>liae</span> <span class='ocrx_word' id='word_1_163' title='bbox 132 2281 288 2367; x_wconf 81' lang='lat' dir='ltr'>profugos</span> <span class='ocrx_word' id='word_1_164' title='bbox 305 2285 391 2351; x_wconf 87' lang='lat' dir='ltr'>dicit.</span> <span class='ocrx_word' id='word_1_165' title='bbox 410 2285 509 2347; x_wconf 88' lang='lat' dir='ltr'>Gallia</span> <span class='ocrx_word' id='word_1_166' title='bbox 525 2285 735 2367; x_wconf 79' lang='lat' dir='ltr'>Hispaniaque</span> <span class='ocrx_word' id='word_1_167' title='bbox 750 2281 901 2355; x_wconf 84' lang='lat' dir='ltr'>exclusoe‚</span> <span class='ocrx_word' id='word_1_168' title='bbox 925 2285 958 2344; x_wconf 92' lang='lat' dir='ltr'>in</span> <span class='ocrx_word' id='word_1_169' title='bbox 975 2281 1098 2343; x_wconf 88' lang='lat' dir='ltr'>ltaliam</span> 
     </span>
     <span class='ocr_line' id='line_1_20' title="bbox 56 2379 1097 2476; baseline 0 -34"><span class='ocrx_word' id='word_1_170' title='bbox 56 2385 248 2468; x_wconf 78' lang='lat' dir='ltr'>remigrasse.</span> <span class='ocrx_word' id='word_1_171' title='bbox 277 2389 398 2461; x_wconf 92' lang='lat' dir='ltr'>(immo</span> <span class='ocrx_word' id='word_1_172' title='bbox 419 2379 636 2476; x_wconf 81' lang='lat' dir='ltr'>denrigraffe.)</span> <span class='ocrx_word' id='word_1_173' title='bbox 686 2389 850 2449; x_wconf 83' lang='lat' dir='ltr'>Extremae</span> <span class='ocrx_word' id='word_1_174' title='bbox 866 2387 964 2470; x_wconf 84' lang='lat' dir='ltr'>igitur</span> <span class='ocrx_word' id='word_1_175' title='bbox 981 2382 1097 2443; x_wconf 84' lang='lat' dir='ltr'>Galliae</span> 
     </span>
     <span class='ocr_line' id='line_1_21' title="bbox 57 2482 1097 2571; baseline -0.003 -28"><span class='ocrx_word' id='word_1_176' title='bbox 57 2484 154 2555; x_wconf 84' lang='lat' dir='ltr'>dicit,</span> <span class='ocrx_word' id='word_1_177' title='bbox 187 2488 279 2566; x_wconf 85' lang='lat' dir='ltr'>qnia.</span> <span class='ocrx_word' id='word_1_178' title='bbox 309 2507 387 2568; x_wconf 87' lang='lat' dir='ltr'>qnae</span> <span class='ocrx_word' id='word_1_179' title='bbox 407 2489 485 2549; x_wconf 91' lang='lat' dir='ltr'>ultra</span> <span class='ocrx_word' id='word_1_180' title='bbox 508 2503 613 2558; x_wconf 82' lang='lat' dir='ltr'>erant,</span> <span class='ocrx_word' id='word_1_181' title='bbox 640 2508 705 2549; x_wconf 93' lang='lat' dir='ltr'>non</span> <span class='ocrx_word' id='word_1_182' title='bbox 724 2486 793 2550; x_wconf 88' lang='lat' dir='ltr'>satie</span> <span class='ocrx_word' id='word_1_183' title='bbox 812 2487 938 2571; x_wconf 80' lang='lat' dir='ltr'>cognita</span> <span class='ocrx_word' id='word_1_184' title='bbox 958 2482 1097 2552; x_wconf 85' lang='lat' dir='ltr'>haberet,</span> 
     </span>
     <span class='ocr_line' id='line_1_22' title="bbox 58 2583 1098 2671; baseline 0.002 -25"><span class='ocrx_word' id='word_1_185' title='bbox 58 2587 110 2647; x_wconf 79' lang='lat' dir='ltr'>vel</span> <span class='ocrx_word' id='word_1_186' title='bbox 144 2587 279 2650; x_wconf 84' lang='lat' dir='ltr'>delinire</span> <span class='ocrx_word' id='word_1_187' title='bbox 308 2588 416 2671; x_wconf 89' lang='lat' dir='ltr'>posset.</span> <span class='ocrx_word' id='word_1_188' title='bbox 467 2592 507 2651; x_wconf 84' lang='lat' dir='ltr'>At</span> <span class='ocrx_word' id='word_1_189' title='bbox 529 2587 641 2652; x_wconf 87' lang='lat' dir='ltr'>Caesar</span> <span class='ocrx_word' id='word_1_190' title='bbox 667 2591 706 2652; x_wconf 86' lang='lat' dir='ltr'>de</span> <span class='ocrx_word' id='word_1_191' title='bbox 729 2589 767 2650; x_wconf 87' lang='lat' dir='ltr'>B.</span> <span class='ocrx_word' id='word_1_192' title='bbox 786 2589 825 2651; x_wconf 85' lang='lat' dir='ltr'>si.</span> <span class='ocrx_word' id='word_1_193' title='bbox 850 2608 879 2658; x_wconf 84' lang='lat' dir='ltr'>r,</span> <span class='ocrx_word' id='word_1_194' title='bbox 902 2601 958 2668; x_wconf 80' lang='lat'>53.</span> <span class='ocrx_word' id='word_1_195' title='bbox 984 2583 1098 2648; x_wconf 78' lang='lat' dir='ltr'>diserte</span> 
     </span>
     <span class='ocr_line' id='line_1_23' title="bbox 59 2687 1097 2772; baseline -0.002 -25"><span class='ocrx_word' id='word_1_196' title='bbox 59 2687 171 2758; x_wconf 74' lang='lat' dir='ltr'>(locet.</span> <span class='ocrx_word' id='word_1_197' title='bbox 208 2689 330 2770; x_wconf 83' lang='lat' dir='ltr'>prinroe</span> <span class='ocrx_word' id='word_1_198' title='bbox 354 2687 441 2752; x_wconf 85' lang='lat' dir='ltr'>soille</span> <span class='ocrx_word' id='word_1_199' title='bbox 469 2691 719 2759; x_wconf 87' lang='lat' dir='ltr'>Germanorum.</span> <span class='ocrx_word' id='word_1_200' title='bbox 748 2692 803 2772; x_wconf 87' lang='lat' dir='ltr'>qni</span> <span class='ocrx_word' id='word_1_201' title='bbox 828 2689 979 2751; x_wconf 85' lang='lat' dir='ltr'>llhenum</span> <span class='ocrx_word' id='word_1_202' title='bbox 999 2699 1097 2747; x_wconf 87' lang='lat' dir='ltr'>trane·</span> 
     </span>
     <span class='ocr_line' id='line_1_24' title="bbox 60 2783 1099 2875; baseline -0.003 -25"><span class='ocrx_word' id='word_1_203' title='bbox 60 2783 152 2872; x_wconf 65' lang='lat' dir='ltr'>gressa</span> <span class='ocrx_word' id='word_1_204' title='bbox 167 2789 302 2850; x_wconf 87' lang='lat' dir='ltr'>Galliam</span> <span class='ocrx_word' id='word_1_205' title='bbox 322 2805 428 2873; x_wconf 89' lang='lat' dir='ltr'>petere</span> <span class='ocrx_word' id='word_1_206' title='bbox 448 2792 508 2852; x_wconf 79' lang='lat' dir='ltr'>ansa</span> <span class='ocrx_word' id='word_1_207' title='bbox 526 2792 633 2854; x_wconf 78' lang='lat' dir='ltr'>allent.</span> <span class='ocrx_word' id='word_1_208' title='bbox 686 2791 761 2855; x_wconf 82' lang='lat' dir='ltr'>Posi</span> <span class='ocrx_word' id='word_1_209' title='bbox 777 2789 882 2875; x_wconf 80' lang='lat' dir='ltr'>sogam</span> <span class='ocrx_word' id='word_1_210' title='bbox 898 2811 914 2852; x_wconf 83' lang='lat' dir='ltr'>a</span> <span class='ocrx_word' id='word_1_211' title='bbox 933 2789 1035 2850; x_wconf 86' lang='lat' dir='ltr'>Mario</span> <span class='ocrx_word' id='word_1_212' title='bbox 1050 2787 1099 2847; x_wconf 89' lang='lat' dir='ltr'>in·</span> 
     </span>
     <span class='ocr_line' id='line_1_25' title="bbox 60 2886 1098 2972; baseline -0.002 -23"><span class='ocrx_word' id='word_1_213' title='bbox 60 2890 175 2962; x_wconf 82' lang='lat' dir='ltr'>latam.</span> <span class='ocrx_word' id='word_1_214' title='bbox 207 2892 306 2954; x_wconf 87' lang='lat' dir='ltr'>Gallia</span> <span class='ocrx_word' id='word_1_215' title='bbox 323 2894 448 2964; x_wconf 83' lang='lat' dir='ltr'>relicta,</span> <span class='ocrx_word' id='word_1_216' title='bbox 474 2895 535 2955; x_wconf 89' lang='lat' dir='ltr'>alio</span> <span class='ocrx_word' id='word_1_217' title='bbox 552 2889 729 2956; x_wconf 77' lang='lat' dir='ltr'>concessisse</span> <span class='ocrx_word' id='word_1_218' title='bbox 745 2895 913 2963; x_wconf 84' lang='lat' dir='ltr'>videntur.</span> <span class='ocrx_word' id='word_1_219' title='bbox 938 2891 1012 2972; x_wconf 83' lang='lat' dir='ltr'>quie</span> <span class='ocrx_word' id='word_1_220' title='bbox 1028 2886 1098 2950; x_wconf 76' lang='lat' dir='ltr'>eri·</span> 
     </span>
     <span class='ocr_line' id='line_1_26' title="bbox 61 2988 1096 3076; baseline -0.005 -22"><span class='ocrx_word' id='word_1_221' title='bbox 61 3003 224 3076; x_wconf 76' lang='lat' dir='ltr'>lognatne,</span> <span class='ocrx_word' id='word_1_222' title='bbox 242 2996 297 3075; x_wconf 91' lang='lat' dir='ltr'>qni</span> <span class='ocrx_word' id='word_1_223' title='bbox 312 2995 408 3064; x_wconf 83' lang='lat' dir='ltr'>nolle.</span> <span class='ocrx_word' id='word_1_224' title='bbox 428 2993 550 3056; x_wconf 89' lang='lat' dir='ltr'>summo</span> <span class='ocrx_word' id='word_1_225' title='bbox 568 2997 638 3058; x_wconf 84' lang='lat' dir='ltr'>loco</span> <span class='ocrx_word' id='word_1_226' title='bbox 656 2999 686 3056; x_wconf 95' lang='lat' dir='ltr'>in</span> <span class='ocrx_word' id='word_1_227' title='bbox 700 2997 849 3057; x_wconf 82' lang='lat' dir='ltr'>Arvernia</span> <span class='ocrx_word' id='word_1_228' title='bbox 864 3007 964 3062; x_wconf 85' lang='lat' dir='ltr'>natue.</span> <span class='ocrx_word' id='word_1_229' title='bbox 987 2988 1096 3074; x_wconf 81' lang='lat' dir='ltr'>pollet.</span> 
     </span>
     <span class='ocr_line' id='line_1_27' title="bbox 62 3089 1096 3176; baseline -0.003 -23"><span class='ocrx_word' id='word_1_230' title='bbox 62 3093 142 3176; x_wconf 86' lang='lat' dir='ltr'>apud</span> <span class='ocrx_word' id='word_1_231' title='bbox 154 3093 311 3158; x_wconf 75' lang='lat' dir='ltr'>lulcaes.</span> <span class='ocrx_word' id='word_1_232' title='bbox 330 3099 369 3156; x_wconf 86' lang='lat' dir='ltr'>de</span> <span class='ocrx_word' id='word_1_233' title='bbox 388 3097 423 3158; x_wconf 88' lang='lat' dir='ltr'>B.</span> <span class='ocrx_word' id='word_1_234' title='bbox 440 3097 479 3159; x_wconf 85' lang='lat' dir='ltr'>G.</span> <span class='ocrx_word' id='word_1_235' title='bbox 492 3112 524 3172; x_wconf 87' lang='lat'>7.</span> <span class='ocrx_word' id='word_1_236' title='bbox 541 3113 599 3172; x_wconf 86' lang='lat'>77.</span> <span class='ocrx_word' id='word_1_237' title='bbox 613 3095 635 3160; x_wconf 86' lang='lat' dir='ltr'>s.</span> <span class='ocrx_word' id='word_1_238' title='bbox 653 3099 741 3168; x_wconf 87' lang='lat' dir='ltr'>dicit,</span> <span class='ocrx_word' id='word_1_239' title='bbox 762 3095 911 3159; x_wconf 72' lang='lat' dir='ltr'>Cimbros</span> <span class='ocrx_word' id='word_1_240' title='bbox 925 3089 1096 3174; x_wconf 85' lang='lat' dir='ltr'>aliquando</span> 
     </span>
     <span class='ocr_line' id='line_1_28' title="bbox 61 3193 1097 3280; baseline -0.006 -24"><span class='ocrx_word' id='word_1_241' title='bbox 61 3195 180 3257; x_wconf 87' lang='lat' dir='ltr'>finibne</span> <span class='ocrx_word' id='word_1_242' title='bbox 197 3196 257 3258; x_wconf 80' lang='lat' dir='ltr'>luia</span> <span class='ocrx_word' id='word_1_243' title='bbox 273 3194 440 3268; x_wconf 84' lang='lat' dir='ltr'>exceffill&#39;e.</span> <span class='ocrx_word' id='word_1_244' title='bbox 466 3199 653 3279; x_wconf 82' lang='lat' dir='ltr'>depopulata</span> <span class='ocrx_word' id='word_1_245' title='bbox 669 3199 783 3268; x_wconf 86' lang='lat' dir='ltr'>Gallia,</span> <span class='ocrx_word' id='word_1_246' title='bbox 810 3215 985 3280; x_wconf 77' lang='lat' dir='ltr'>magnaque</span> <span class='ocrx_word' id='word_1_247' title='bbox 1000 3193 1097 3253; x_wconf 85' lang='lat' dir='ltr'>inlata</span> 
     </span>
     <span class='ocr_line' id='line_1_29' title="bbox 62 3295 1096 3384; baseline -0.004 -26"><span class='ocrx_word' id='word_1_248' title='bbox 62 3299 248 3360; x_wconf 80' lang='lat' dir='ltr'>calamitate.</span> <span class='ocrx_word' id='word_1_249' title='bbox 294 3301 393 3381; x_wconf 78' lang='lat' dir='ltr'>lgitnr</span> <span class='ocrx_word' id='word_1_250' title='bbox 412 3301 470 3362; x_wconf 88' lang='lat' dir='ltr'>lul.</span> <span class='ocrx_word' id='word_1_251' title='bbox 487 3299 623 3364; x_wconf 84' lang='lat' dir='ltr'>Caesarie</span> <span class='ocrx_word' id='word_1_252' title='bbox 646 3295 790 3384; x_wconf 70' lang='lat' dir='ltr'>ternpore</span> <span class='ocrx_word' id='word_1_253' title='bbox 807 3299 941 3360; x_wconf 85' lang='lat' dir='ltr'>Galliam</span> <span class='ocrx_word' id='word_1_254' title='bbox 962 3295 1096 3374; x_wconf 86' lang='lat' dir='ltr'>relique·</span> 
     </span>
     <span class='ocr_line' id='line_1_30' title="bbox 60 3399 1095 3480; baseline 0.004 -22"><span class='ocrx_word' id='word_1_255' title='bbox 60 3413 141 3469; x_wconf 86' lang='lat' dir='ltr'>rant,</span> <span class='ocrx_word' id='word_1_256' title='bbox 167 3413 200 3460; x_wconf 89' lang='lat' dir='ltr'>et</span> <span class='ocrx_word' id='word_1_257' title='bbox 221 3421 276 3480; x_wconf 82' lang='lat' dir='ltr'>per</span> <span class='ocrx_word' id='word_1_258' title='bbox 295 3401 460 3470; x_wconf 82' lang='lat' dir='ltr'>Noricum.</span> <span class='ocrx_word' id='word_1_259' title='bbox 487 3399 593 3464; x_wconf 78' lang='lat' dir='ltr'>snuslra</span> <span class='ocrx_word' id='word_1_260' title='bbox 609 3403 698 3471; x_wconf 86' lang='lat' dir='ltr'>licet,</span> <span class='ocrx_word' id='word_1_261' title='bbox 725 3405 757 3464; x_wconf 91' lang='lat' dir='ltr'>in</span> <span class='ocrx_word' id='word_1_262' title='bbox 776 3401 896 3462; x_wconf 86' lang='lat' dir='ltr'>ltaliam</span> <span class='ocrx_word' id='word_1_263' title='bbox 911 3401 1095 3478; x_wconf 79' lang='lat' dir='ltr'>irrumpere.</span> 
     </span>
     <span class='ocr_line' id='line_1_31' title="bbox 59 3501 1097 3584; baseline -0.007 -22"><span class='ocrx_word' id='word_1_264' title='bbox 59 3517 191 3562; x_wconf 88' lang='lat' dir='ltr'>anctore</span> <span class='ocrx_word' id='word_1_265' title='bbox 208 3501 301 3564; x_wconf 87' lang='lat' dir='ltr'>Floro</span> <span class='ocrx_word' id='word_1_266' title='bbox 318 3515 349 3582; x_wconf 77' lang='lat'>3.</span> <span class='ocrx_word' id='word_1_267' title='bbox 369 3516 402 3582; x_wconf 78' lang='lat'>3.</span> <span class='ocrx_word' id='word_1_268' title='bbox 421 3503 568 3584; x_wconf 86' lang='lat' dir='ltr'>aliieqne.</span> <span class='ocrx_word' id='word_1_269' title='bbox 595 3505 698 3564; x_wconf 88' lang='lat' dir='ltr'>conati</span> <span class='ocrx_word' id='word_1_270' title='bbox 715 3517 813 3572; x_wconf 81' lang='lat' dir='ltr'>erant.</span> <span class='ocrx_word' id='word_1_271' title='bbox 839 3523 912 3564; x_wconf 89' lang='lat' dir='ltr'>cnm</span> <span class='ocrx_word' id='word_1_272' title='bbox 929 3507 990 3561; x_wconf 87' lang='lat' dir='ltr'>iam</span> <span class='ocrx_word' id='word_1_273' title='bbox 1007 3507 1097 3558; x_wconf 85' lang='lat' dir='ltr'>antea</span> 
     </span>
     <span class='ocr_line' id='line_1_32' title="bbox 61 3601 1096 3686; baseline -0.006 -22"><span class='ocrx_word' id='word_1_274' title='bbox 61 3603 98 3664; x_wconf 86' lang='lat' dir='ltr'>ad</span> <span class='ocrx_word' id='word_1_275' title='bbox 119 3621 215 3684; x_wconf 89' lang='lat' dir='ltr'>aquae</span> <span class='ocrx_word' id='word_1_276' title='bbox 237 3604 358 3666; x_wconf 85' lang='lat' dir='ltr'>Sextiae</span> <span class='ocrx_word' id='word_1_277' title='bbox 377 3624 393 3664; x_wconf 93' lang='lat' dir='ltr'>a</span> <span class='ocrx_word' id='word_1_278' title='bbox 413 3605 513 3667; x_wconf 85' lang='lat' dir='ltr'>Mario</span> <span class='ocrx_word' id='word_1_279' title='bbox 535 3605 613 3686; x_wconf 86' lang='lat' dir='ltr'>pnlsr</span> <span class='ocrx_word' id='word_1_280' title='bbox 635 3605 742 3667; x_wconf 87' lang='lat' dir='ltr'>essent.</span> <span class='ocrx_word' id='word_1_281' title='bbox 782 3601 832 3668; x_wconf 79' lang='lat' dir='ltr'>cf.</span> <span class='ocrx_word' id='word_1_282' title='bbox 857 3603 968 3664; x_wconf 87' lang='lat' dir='ltr'>Vellei.</span> <span class='ocrx_word' id='word_1_283' title='bbox 984 3616 1018 3669; x_wconf 78' lang='grc' dir='ltr'>Ω.</span> <span class='ocrx_word' id='word_1_284' title='bbox 1040 3611 1096 3659; x_wconf 72' lang='lat' dir='ltr'>ta.</span> 
     </span>
     <span class='ocr_line' id='line_1_33' title="bbox 62 3699 1097 3769; baseline 0.001 -3"><span class='ocrx_word' id='word_1_285' title='bbox 62 3707 149 3766; x_wconf 88' lang='lat' dir='ltr'>nnde</span> <span class='ocrx_word' id='word_1_286' title='bbox 183 3719 217 3764; x_wconf 93' lang='lat' dir='ltr'>et</span> <span class='ocrx_word' id='word_1_287' title='bbox 250 3703 408 3768; x_wconf 84' lang='lat' dir='ltr'>Gallicum</span> <span class='ocrx_word' id='word_1_288' title='bbox 436 3706 514 3766; x_wconf 87' lang='lat' dir='ltr'>illoti</span> <span class='ocrx_word' id='word_1_289' title='bbox 546 3707 665 3768; x_wconf 86' lang='lat' dir='ltr'>bellum</span> <span class='ocrx_word' id='word_1_290' title='bbox 692 3723 833 3769; x_wconf 82' lang='lat' dir='ltr'>vocatur.</span> <span class='ocrx_word' id='word_1_291' title='bbox 877 3702 937 3766; x_wconf 91' lang='lat' dir='ltr'>lul.</span> <span class='ocrx_word' id='word_1_292' title='bbox 959 3699 1045 3767; x_wconf 88' lang='lat' dir='ltr'>Caes.</span> <span class='ocrx_word' id='word_1_293' title='bbox 1065 3715 1097 3768; x_wconf 75' lang='grc' dir='ltr'>Ω,</span> 
     </span>
     <span class='ocr_line' id='line_1_34' title="bbox 64 3801 1098 3890; baseline -0.006 -20"><span class='ocrx_word' id='word_1_294' title='bbox 64 3823 122 3886; x_wconf 79' lang='lat'>29.</span> <span class='ocrx_word' id='word_1_295' title='bbox 147 3803 171 3868; x_wconf 88' lang='lat' dir='ltr'>s.</span> <span class='ocrx_word' id='word_1_296' title='bbox 199 3806 292 3876; x_wconf 89' lang='lat' dir='ltr'>dicit,</span> <span class='ocrx_word' id='word_1_297' title='bbox 326 3808 497 3888; x_wconf 78' lang='lat' dir='ltr'>qnondam.</span> <span class='ocrx_word' id='word_1_298' title='bbox 530 3827 603 3869; x_wconf 87' lang='lat' dir='ltr'>cnm</span> <span class='ocrx_word' id='word_1_299' title='bbox 635 3809 749 3890; x_wconf 83' lang='lat' dir='ltr'>reliqui</span> <span class='ocrx_word' id='word_1_300' title='bbox 782 3811 816 3868; x_wconf 94' lang='lat' dir='ltr'>in</span> <span class='ocrx_word' id='word_1_301' title='bbox 851 3805 985 3869; x_wconf 85' lang='lat' dir='ltr'>Galliam</span> <span class='ocrx_word' id='word_1_302' title='bbox 1021 3801 1098 3865; x_wconf 86' lang='lat' dir='ltr'>Nar·</span> 
     </span>
     <span class='ocr_line' id='line_1_35' title="bbox 62 3904 1099 3980; baseline -0.001 -11"><span class='ocrx_word' id='word_1_303' title='bbox 62 3904 239 3970; x_wconf 87' lang='lat' dir='ltr'>bonensem</span> <span class='ocrx_word' id='word_1_304' title='bbox 262 3921 295 3968; x_wconf 91' lang='lat' dir='ltr'>et</span> <span class='ocrx_word' id='word_1_305' title='bbox 320 3909 440 3970; x_wconf 87' lang='lat' dir='ltr'>ltaliam</span> <span class='ocrx_word' id='word_1_306' title='bbox 468 3909 529 3970; x_wconf 88' lang='lat' dir='ltr'>iter</span> <span class='ocrx_word' id='word_1_307' title='bbox 558 3905 714 3980; x_wconf 84' lang='lat' dir='ltr'>secissent,</span> <span class='ocrx_word' id='word_1_308' title='bbox 747 3908 888 3972; x_wconf 89' lang='lat' dir='ltr'>resedisse</span> <span class='ocrx_word' id='word_1_309' title='bbox 916 3911 995 3972; x_wconf 83' lang='lat' dir='ltr'>eirca</span> <span class='ocrx_word' id='word_1_310' title='bbox 1014 3907 1099 3970; x_wconf 79' lang='lat' dir='ltr'>nne·</span> 
     </span>
     <span class='ocr_line' id='line_1_36' title="bbox 63 4009 1100 4092; baseline -0.003 -18"><span class='ocrx_word' id='word_1_311' title='bbox 63 4031 160 4082; x_wconf 88' lang='lat' dir='ltr'>nom,</span> <span class='ocrx_word' id='word_1_312' title='bbox 188 4023 221 4072; x_wconf 85' lang='lat' dir='ltr'>et</span> <span class='ocrx_word' id='word_1_313' title='bbox 239 4011 386 4080; x_wconf 78' lang='lat' dir='ltr'>tandem.</span> <span class='ocrx_word' id='word_1_314' title='bbox 412 4029 487 4092; x_wconf 89' lang='lat' dir='ltr'>pace</span> <span class='ocrx_word' id='word_1_315' title='bbox 511 4009 605 4080; x_wconf 84' lang='lat' dir='ltr'>sacta.</span> <span class='ocrx_word' id='word_1_316' title='bbox 633 4011 737 4072; x_wconf 88' lang='lat' dir='ltr'>locum</span> <span class='ocrx_word' id='word_1_317' title='bbox 757 4011 812 4076; x_wconf 83' lang='lat' dir='ltr'>fibi</span> <span class='ocrx_word' id='word_1_318' title='bbox 832 4010 997 4077; x_wconf 85' lang='lat' dir='ltr'>domicilio</span> <span class='ocrx_word' id='word_1_319' title='bbox 1014 4010 1100 4074; x_wconf 87' lang='lat' dir='ltr'>dele·</span> 
     </span>
    </p>
   </div>
   <div class='ocr_carea' id='block_1_3' title="bbox 64 4111 1100 4230">
    <p class='ocr_par' dir='ltr' id='par_1_3' title="bbox 64 4111 1100 4230">
     <span class='ocr_line' id='line_1_37' title="bbox 64 4111 1100 4230; baseline 0.004 -56"><span class='ocrx_word' id='word_1_320' title='bbox 64 4112 156 4198; x_wconf 76' lang='lat' dir='ltr'>gille,</span> <span class='ocrx_word' id='word_1_321' title='bbox 181 4111 234 4230; x_wconf 79' lang='lat' dir='ltr'>vel</span> <span class='ocrx_word' id='word_1_322' title='bbox 252 4113 360 4196; x_wconf 80' lang='lat' dir='ltr'>potine</span> <span class='ocrx_word' id='word_1_323' title='bbox 382 4130 493 4178; x_wconf 84' lang='lat' dir='ltr'>eornm</span> <span class='ocrx_word' id='word_1_324' title='bbox 517 4127 700 4200; x_wconf 78' lang='lat' dir='ltr'>prognatoe.</span> <span class='ocrx_word' id='word_1_325' title='bbox 738 4113 777 4178; x_wconf 93' lang='lat' dir='ltr'>ln</span> <span class='ocrx_word' id='word_1_326' title='bbox 793 4113 891 4202; x_wconf 86' lang='lat' dir='ltr'>ipsam</span> <span class='ocrx_word' id='word_1_327' title='bbox 907 4137 985 4182; x_wconf 80' lang='lat' dir='ltr'>vero</span> <span class='ocrx_word' id='word_1_328' title='bbox 1002 4114 1100 4182; x_wconf 80' lang='lat' dir='ltr'>Cher·</span> 
     </span>
    </p>
   </div>
   <div class='ocr_carea' id='block_1_4' title="bbox 0 0 1366 4896">
    <p class='ocr_par' dir='ltr' id='par_1_4' title="bbox 0 0 1366 4896">
     <span class='ocr_line' id='line_1_38' title="bbox 0 0 1366 4896; baseline 0 0"><span class='ocrx_word' id='word_1_329' title='bbox 0 0 1366 4896; x_wconf 95' lang='lat' dir='ltr'> </span> 
     </span>
    </p>
   </div>
  </div>
 </body>
</html>
