2696 4896
287 402 348 482 156
552 400 714 471 uorsa
750 403 1054 464 uxaourrcsa

284 579 380 642 docet
414 579 620 660 experientia.
656 599 797 642 vossins.
863 581 954 642 Varis
986 601 1106 643 nomen
1130 581 1223 642 fluvii
1258 578 1332 642 five

282 681 481 742 librariorum
504 681 585 741 vitio
606 678 722 741 sactum
740 683 792 752 sit,
829 681 893 743 stre
908 681 978 746 usus
1000 703 1109 765 parurn
1131 683 1331 752 constiterit.

283 781 422 842 effertur.
475 782 559 844 Cum
578 781 682 842 noslro
699 780 818 844 faciunt
840 785 964 864 plures,
989 802 1021 846 et
1037 787 1070 846 in
1087 787 1140 847 Gr.
1154 786 1197 847 eil
1210 781 1331 867 Κῦρος

281 881 304 944 s.
329 877 445 968 Κύρος.
487 885 527 944 At
549 877 672 969 litlptot
694 885 787 944 habet
805 886 958 947 Plutarch.
979 889 1011 946 in
1029 888 1185 968 Pompeio
1208 907 1237 948 c.
1258 896 1325 964 34..

280 984 424 1063 Dioge,
451 985 508 1063 56.
532 1000 565 1046 et
588 987 673 1049 alibi.
737 982 865 1072 lit'proa
897 991 1027 1069 Appian.
1067 991 1100 1048 in
1136 988 1327 1050 Mithridat.

281 1107 348 1168 cap.
379 1100 459 1160 ¹03·
491 1087 548 1147 ubi
577 1091 708 1168 quidem
744 1088 850 1174 Κῦρος
873 1089 1095 1168 reponendum
1126 1087 1326 1149 censuerunt

280 1187 432 1251 Reisltius
448 1202 478 1248 et
490 1186 814 1272 Sclrweiglrseuserus.
843 1185 972 1276 liu'pp‘os
986 1191 1184 1252 Ptolemaeus
1204 1203 1239 1265 5,
1262 1205 1323 1250 12.

281 1307 315 1351 et
339 1303 391 1366 ²5·
433 1291 521 1350 ldern
543 1290 638 1350 habet
661 1291 791 1372 quidem
810 1293 843 1358 6,
862 1307 894 1352 2.
917 1286 1040 1378 lio'poc,
1067 1307 1096 1352 at
1120 1293 1192 1372 quia
1218 1289 1322 1350 huius

280 1392 355 1454 ollis
370 1393 403 1450 iu
420 1391 525 1450 Media
542 1406 781 1462 commemorat,
807 1391 925 1454 diversa
945 1391 1018 1453 fecit
1033 1395 1172 1454 flumina.
1215 1391 1323 1452 Porro

281 1507 314 1554 et
326 1495 383 1554 alla
400 1494 542 1554 eiusdem
561 1493 611 1554 vel
628 1494 734 1554 surrilis
750 1495 891 1554 nominis
907 1497 1058 1554 vocabula
1076 1497 1242 1578 leguntur,
1270 1492 1323 1552 nti

280 1589 415 1682 liripror,
444 1595 495 1656 vel
514 1597 620 1676 potius
635 1615 709 1654 curn
725 1594 807 1657 Cod.
818 1597 959 1656 Palatino
974 1593 1094 1682 lio'pros
1109 1596 1190 1678 apud
1206 1594 1319 1654 Ptole·

278 1715 405 1758 meeum
430 1696 462 1766 6,
489 1707 521 1772 8.
549 1698 582 1755 in
610 1694 790 1766 Carrrrania,
828 1700 879 1758 cui
914 1696 1097 1782 suffragatur
1133 1697 1329 1758 Marcianus,

277 1817 348 1882 pag.
369 1815 425 1860 tto.
448 1795 588 1874 (lluds.)
642 1798 730 1858 ldenr
755 1797 860 1882 Κῦρος
884 1799 1019 1860 Perficus
1039 1799 1172 1868 fluvius,
1198 1797 1256 1879 qui
1281 1798 1321 1858 in

277 1899 434 1962 Persicum
450 1900 551 1958 sanum
567 1897 687 1969 effluit,
713 1913 871 1961 nutatura
887 1901 1041 1962 Strabone
1062 1914 1116 1978 ¹5·
1138 1921 1206 1983 pag.
1226 1911 1277 1976 5⁰
1289 1919 1319 1960 t.

278 1999 402 2080 [729.
432 2001 556 2060 Avieno
581 2020 615 2064 v.
637 2015 738 2080 1214.
765 2003 819 2082 qui
842 2004 994 2080 Dionysio
1012 2025 1043 2064 v.
1066 2017 1168 2080 1⁰73·
1187 2000 1231 2064 est
1253 1993 1320 2064 Ku'·

278 2122 348 2190 pot,
372 2105 420 2161 uti
444 2101 598 2162 Prisciauo
618 2123 649 2162 v.
667 2113 752 2182 974.
778 2122 871 2183 quam
896 2103 1030 2164 sormam
1052 2101 1237 2187 praeferunt
1255 2102 1317 2165 Ca·

277 2201 434 2266 saubonus
456 2205 495 2263 atl
515 2202 616 2264 Strab.
633 2225 656 2264 c.
675 2205 695 2266 l.
721 2218 753 2266 et
769 2204 893 2266 Salmas.
915 2208 949 2264 in
973 2207 1074 2267 Solin.
1091 2224 1118 2269 c.
1136 2219 1194 2283 37.
1211 2201 1234 2265 s.
1249 2213 1314 2282 4⁰·

276 2325 309 2392 p.
332 2323 376 2366 rn.
398 2315 484 2382 495.
537 2305 576 2363 tt
597 2307 683 2384 quod
708 2307 760 2366 hic
785 2306 915 2368 Corium
939 2306 1123 2368 Carmaniae
1146 2325 1220 2365 cum
1249 2305 1317 2365 hoc

278 2407 464 2488 componit,
489 2403 651 2468 difficilius
672 2409 827 2488 explicatu
848 2408 985 2468 videtur.
1025 2407 1118 2468 Nova
1134 2421 1240 2468 tarnsn
1260 2405 1315 2464 hic

277 2505 444 2568 difficultas
470 2505 628 2570 obiicitur.
671 2507 784 2571 Strabo
805 2509 890 2568 eninr
907 2528 934 2569 c.
959 2510 979 2570 l.
1000 2509 1040 2569 de
1064 2507 1150 2586 Cyro
1170 2506 1314 2568 Persidis

276 2607 334 2669 lic:
368 2599 440 2672 rival
465 2599 668 2696 'Appolrlrou
691 2601 946 2698 μετονομασθεὶς
961 2605 1075 2696 Ιὶύρος,
1097 2624 1225 2671 auctore
1242 2609 1313 2688 qui·

275 2709 352 2772 dent
368 2710 453 2786 Cyro
469 2730 553 2794 rege.
614 2715 655 2772 At
673 2713 830 2772 Ammian.
848 2726 904 2786 23,
923 2712 955 2774 6.
973 2731 1041 2793 pag.
1063 2723 1144 2789 289.
1168 2711 1314 2788 (Gron.)

275 2809 416 2871 nostrum
443 2832 458 2871 a
482 2811 569 2890 Cyro
595 2831 713 2873 nornen
740 2812 885 2893 accepisse
910 2813 1053 2873 adfirmat
1083 2811 1124 2872 ob
1150 2813 1314 2892 impetum

277 2911 430 2983 similem.
460 2932 524 2992 qno
542 2914 574 2972 in
592 2911 738 2994 Caspium
756 2934 841 2974 mare
863 2915 1022 2984 decurrat,
1050 2926 1088 2972 ut
1103 2933 1157 2976 rex
1174 2913 1207 2972 in
1223 2913 1312 2974 bello

274 3023 382 3076 contra
406 3013 546 3092 Scythas.
599 3015 779 3076 Eustathiur
801 3029 905 3076 tamen
931 3016 968 3076 ad
992 3013 1123 3092 Dionys.
1144 3035 1176 3076 v.
1201 3029 1313 3089 1073.

274 3114 371 3177 huius
393 3107 499 3202 lio'port
524 3116 557 3174 irr
581 3115 704 3176 Perside
724 3115 826 3197 postea
844 3115 966 3194 Cyrum
986 3128 1133 3176 vocaturn
1155 3115 1216 3176 elle
1240 3113 1315 3176 scri·

273 3215 338 3288 bit,
363 3217 418 3278 etsi
441 3235 472 3278 et
487 3219 676 3300 cognomina
693 3218 826 3278 flumina
846 3237 919 3278 eutn
936 3216 1064 3278 miscere
1079 3219 1153 3278 inde
1169 3219 1313 3297 adparet,

274 3318 360 3400 quod
390 3313 495 3400 Κόρου
527 3319 671 3396 Dionysii
698 3339 736 3378 ex
769 3321 917 3380 Armenia
950 3319 1055 3386 ducit,
1094 3321 1140 3377 uti
1171 3315 1246 3378 facit
1275 3319 1313 3378 in

276 3416 420 3499 Choaspe
445 3415 567 3480 Persico
591 3433 623 3480 et
651 3421 773 3482 lnrlico.
834 3421 980 3488 Rectius,
1014 3419 1098 3480 unde
1117 3418 1167 3480 sua
1191 3418 1310 3489 hausit,

273 3519 387 3596 Strabo
410 3541 462 3581 rr.
484 3541 516 3602 p.
533 3531 617 3599 344.
641 3517 661 3582 s.
688 3533 770 3596 500.
796 3519 834 3580 de
857 3521 961 3581 nossro
985 3521 1080 3598 Cyro.
1132 3521 1251 3582 Fontes
1275 3521 1313 3580 in

273 3621 434 3686 Coraxicis
461 3623 625 3683 montibus
653 3623 744 3701 ponit
767 3622 869 3692 Mela,
902 3621 1119 3684 consentiente
1145 3622 1253 3682 Plinio
1273 3622 1308 3691 6,

280 3743 334 3785 ro.
352 3725 396 3784 in.
424 3719 479 3804 qui
501 3721 632 3785 eosdem
648 3719 848 3796 Heniochios
869 3725 965 3784 etiarn
985 3725 1089 3786 vocari
1110 3723 1207 3783 addit.
1253 3721 1307 3785 Cf.

276 3822 423 3898 6,15.t.
446 3837 498 3902 15.
525 3839 556 3887 et
578 3845 656 3906 quae
674 3825 756 3885 dicta
780 3822 909 3885 suntad
932 3845 961 3894 r,
983 3843 1035 3903 ¹9·
1056 3839 1109 3903 13.
1167 3817 1309 3884 ibericus

273 3939 400 3986 montes
420 3925 516 3988 habet
536 3927 694 3988 Plutarch.
711 3945 738 3988 c.
753 3926 774 3988 l.
801 3945 938 4006 quorum
959 3927 1151 3987 narrationes
1169 3928 1252 3984 inter
1275 3922 1306 3984 se

275 4026 422 4088 conciliat
440 4039 472 4086 et
494 4028 598 4090 verbis
615 4040 740 4088 tantum
754 4028 929 4108 discrepare
944 4027 1038 4088 docet
1053 4027 1252 4087 Liirremanu.
1269 4027 1306 4085 in

275 4125 370 4189 deser.
388 4123 513 4191 Caucasr
527 4149 559 4212 p.
579 4143 639 4209 23.
673 4128 785 4192 Strabo
803 4147 829 4190 c.
847 4129 868 4190 l.
888 4125 992 4194 sontes
1009 4129 1103 4213 pouit
1119 4127 1253 4191 omuino
1270 4126 1307 4188 irt
