2746 4894
219 395 272 453 IN
302 395 437 456 tonte.
466 395 572 454 MEL.
614 397 726 455 Llll.
767 397 875 456 uix.
917 399 944 469 §-
966 411 996 470 5.
1063 413 1129 479 597

65 569 250 656 thnginem
269 569 348 642 esset
372 558 556 661 (speciatur
579 569 635 635 set.
654 573 740 635 Plin.
760 590 788 634 n.
810 571 833 634 l.
857 592 955 655 usque
978 571 1023 634 ad
1047 573 1128 638 Car·

65 675 248 754 thaginem
263 674 411 752 captam)
438 673 581 736 virorum
606 675 749 744 nullum.
772 673 858 755 quod
877 689 1044 757 praerupta
1061 677 1128 738 lone

66 777 248 858 petierint.
301 775 465 838 Hannon.
489 777 512 839 l.
536 771 656 847 πάντες
677 764 862 860 ἐξέφυγον,
897 772 1128 864 κρημνοβάται

67 867 176 948 ὄντες
213 867 268 944 nal
304 873 373 952 τοῖς
411 873 538 965 πέτροις
571 879 691 963 (vulgo
723 873 884 966 μετρίοις)
918 874 1128 970 ἀμυνόμενοι.

67 979 212 1041 Plinius
228 997 255 1040 c.
278 978 300 1041 l.
326 980 415 1040 uiros
434 981 622 1057 pernicitate
643 971 773 1070 evostffe
793 981 884 1044 dicit.
934 982 1022 1042 Tum
1049 1000 1128 1044 vero

67 1078 267 1149 venusam,
293 1099 372 1160 qune
388 1079 471 1141 Mela
487 1083 612 1142 adiicit:
631 1072 697 1173 sna
713 1075 834 1172 sponte
845 1072 1024 1170 fecundos,
1050 1101 1128 1145 oum

66 1201 190 1244 maroe
213 1181 259 1242 ibi
284 1178 419 1252 suerint,
451 1197 486 1244 et
509 1183 560 1244 vel
580 1185 781 1268 negligenter
803 1185 887 1268 egit,
914 1184 967 1246 ves
988 1186 1130 1268 interpo-
1238 1175 1241 1184 ¹

68 1283 149 1346 leto
173 1285 297 1366 periplo
313 1281 387 1345 usne
407 1283 466 1356 ett,
496 1287 548 1346 rel
572 1285 708 1348 aliorum
732 1297 914 1346 commenta
931 1283 1053 1348 secutus
1074 1287 1128 1359 eil,

70 1387 171 1468 quod
198 1387 327 1446 videtur
350 1383 466 1448 inferre
486 1381 526 1450 ‘ri
551 1399 696 1452 narrant.
747 1387 790 1447 Et
810 1385 851 1449 stc
873 1385 981 1450 srustrt
1006 1387 1129 1472 pollet

73 1485 223 1572 suspecte
240 1488 404 1572 diligentia
422 1487 534 1551 Noster
548 1489 589 1551 erl
606 1489 802 1552 Hannonem
818 1487 961 1552 recurrit.

153 1683 255 1784 sinn
264 1713 293 1752 nr
302 1689 321 1771 )
372 1691 480 1776 Quem
508 1688 598 1777 supro
627 1692 763 1776 grandir
793 1691 897 1755 litoris
917 1685 1046 1781 fluorum
1070 1711 1129 1757 vo·

74 1791 193 1864 cebet.
220 1795 277 1855 ubi
294 1795 334 1855 tle
350 1813 389 1855 eo
406 1795 529 1856 dictum
547 1793 601 1859 est.
812 1835 819 1842 -

162 1995 290 2063 θεῶν
325 1988 527 2086 ὄχημα)
578 1997 693 2060 Hanno
719 2011 818 2058 noctu
841 2009 965 2059 tuntum
991 1993 1129 2082 flagrasse

77 2097 203 2162 scribit.
245 2101 298 2162 Sic
320 2102 415 2162 etiarn
436 2101 561 2162 Plinius
581 2112 614 2176 5,
642 2119 671 2164 1.
703 2097 862 2162 sedidem
886 2101 918 2170 6.
944 2111 1001 2176 35.
1026 2095 1127 2178 [30.

78 2202 253 2262 imminens
267 2203 348 2262 mari
361 2221 450 2262 mons
466 2192 604 2293 excelsns
621 2203 758 2263 aeternis
774 2197 866 2262 orde't
880 2199 1005 2282 ignibus
1023 2199 1052 2259 T
1048 2199 1129 2262 steort

78 2304 217 2364 ochema
232 2302 340 2364 dictus
357 2303 497 2366 Graecis.
536 2301 677 2364 Goiselin
694 2302 877 2364 recherches
895 2302 944 2363 sur
960 2302 986 2362 ln
1000 2319 1129 2388 geogra-

77 2404 164 2488 phie
180 2403 278 2466 Tom.
301 2423 330 2466 t.
345 2424 377 2486 p.
398 2415 482 2481 nug.
509 2405 541 2464 ln
560 2417 658 2466 tractu
679 2407 760 2466 inter
779 2403 899 2465 flumen
911 2403 989 2464 Nnn
1005 2416 1037 2465 et
1053 2421 1127 2485 pro·

80 2519 193 2568 mont.
207 2505 384 2587 Gepponit.
410 2507 533 2568 Plinius
545 2507 577 2567 in
595 2507 698 2568 medie
713 2519 800 2590 perte
811 2507 979 2568 meridiani
991 2505 1129 2572 nardini·

79 2607 294 2690 Aethiopiae.
330 2622 363 2670 et
389 2610 464 2668 indo
490 2608 695 2693 navigatione
724 2609 882 2692 quatridui
912 2609 948 2668 nd
976 2625 1132 2690 promon-

81 2710 210 2771 torium
235 2705 413 2790 Hesperien
437 2729 520 2771 ceren
539 2711 702 2790 perveniri
724 2712 825 2774 nrlrlit.
875 2706 928 2774 Cs.
951 2721 985 2786 5,
1015 2728 1044 2773 t.
1070 2708 1129 2775 ubi

80 2807 188 2872 adfert
209 2811 326 2880 etiarn.
353 2808 404 2872 sed
425 2811 617 2893 simpliciter.
667 2811 770 2874 Sosin.
792 2831 859 2892 rap.
880 2825 938 2890 30.
956 2809 976 2874 s.
996 2823 1054 2890 33.
1075 2828 1131 2874 oo·

80 2911 162 2974 dem
180 2909 238 2971 litu
256 2930 346 2972 mons
366 2941 416 2955 -
439 2915 573 2991 ingenuo
594 2913 665 2992 igne
684 2931 740 2991 per
754 2925 913 2974 aeternum
927 2902 1082 3001 fervidus
1096 2923 1130 2976 ti

81 3013 223 3097 inquiete
262 3013 350 3094 iugis
370 3006 613 3104 flagrantibus3
650 3013 733 3074 inter
757 3031 837 3095 qnae
866 3011 1014 3074 incendia
1043 3011 1130 3094 iugii

81 3112 192 3206 nessus
210 3112 384 3176 draconum
406 3134 525 3196 magna
541 3116 635 3194 copia
656 3111 712 3207 ιβ.
766 3111 895 3175 Nomen
915 3114 1037 3176 montio
1058 3132 1129 3178 nott

43 3222 45 3230 '
80 3213 241 3299 adposuit.
270 3215 470 3280 Ptolemaeus
485 3226 520 3295 4,
537 3216 572 3280 6.
587 3219 685 3278 etiam
701 3227 858 3278 memoret
872 3230 905 3277 et
920 3211 1001 3276 inire
1016 3211 1130 3280 ‘Eori-

84 3335 145 3408 pou
166 3313 266 3407 κέρας
286 3317 382 3380 louet.
417 3317 588 3381 Boenrciun
602 3337 629 3380 ι.
646 3319 669 3382 l.
684 3317 796 3380 eedem
811 3315 915 3379 Melae
929 3314 1026 3378 verba
1039 3337 1128 3400 repe·

82 3423 128 3482 tit
144 3419 209 3481 hoo
224 3431 399 3502 augmento
415 3417 551 3483 inserto:
575 3417 661 3482 altus
676 3417 731 3512 ιβ,
755 3431 786 3482 ιι
799 3418 879 3480 adeo
896 3419 961 3478 iam
978 3439 999 3478 a
1013 3415 1129 3512 ncfiris

82 3521 245 3602 cognitus,
272 3531 310 3581 ut
323 3539 403 3600 peon
420 3523 433 3601 (
442 3520 500 3600 sic)
515 3523 702 3584 nominetur.
738 3520 850 3604 Qualia
866 3518 901 3579 in
916 3517 1025 3590 hodie,
1040 3519 1128 3584 nult·

81 3619 151 3686 sero
171 3620 260 3707 (viti.
272 3620 389 3685 Ortelii
404 3621 485 3686 thes.
504 3621 525 3686 s.
539 3641 573 3686 v.
589 3620 733 3684 Deorum
747 3617 877 3707 currus)
894 3619 939 3683 est
954 3621 1128 3702 dubitatio,

83 3721 125 3788 so.
141 3723 247 3786 siena
261 3721 384 3794 sinna,
412 3725 505 3786 cuiue
526 3720 748 3806 conspectore
765 3723 943 3809 longinquo
963 3722 1056 3786 datur
1073 3741 1129 3785 nt·

80 3825 271 3912 vigentibus
295 3822 485 3887 fulminibus
508 3824 680 3908 expositus.
732 3824 839 3909 ipsum
863 3824 1128 3907 promontorium

83 3927 265 4012 depressum
277 3925 421 4007 quidem,
445 3923 497 3988 sed
516 3927 616 3988 vicini
633 3940 761 3990 montet
781 3927 860 3988 adeo
877 3926 999 3996 excelli.
1023 3937 1061 3988 nt
1080 3935 1124 4006 ²6

82 4027 262 4094 miliaribus
278 4024 416 4111 conspici
435 4021 564 4111 poffint.
601 4029 822 4115 Viddllgem.
841 4027 922 4094 Hist.
938 4027 995 4092 der
1008 4025 1130 4100 Rtlbo

81 4133 157 4198 Vol.
179 4151 209 4196 r.
234 4151 267 4215 p.
287 4139 373 4212 529.
