2748 4888
267 436 309 483 ΙΙ
537 421 700 482 Nom
738 422 1044 480 nxssofflctn

270 598 474 685 paucioribus
489 597 627 659 Ptolem.
644 611 677 666 α,
695 607 729 673 5.
754 597 809 677 qni
827 597 1020 658 Turdetanis
1041 597 1076 656 in
1100 593 1242 660 inferiori
1264 619 1327 662 re·

271 706 369 788 ginno
388 700 549 767 adscribit.
576 701 609 758 in
625 717 689 779 qno
703 697 760 758 litu
781 717 881 760 errare
898 700 1038 760 videtur.
1089 697 1172 758 Nam
1190 699 1209 758 sn
1227 701 1325 762 Mela

273 809 420 866 ordinem
445 816 550 871 tenet,
591 821 687 881 quem
711 795 787 861 eom
812 813 920 862 tenete
947 799 1069 861 inversa
1097 799 1323 884 progteffioue

271 905 408 982 1Ἰἰη.4.
435 917 478 981 55
515 900 534 962 l.
555 917 614 963 22.
637 901 770 983 probat,
807 921 875 964 non
904 901 1005 983 potest
1030 901 1111 962 oltra
1134 901 1253 964 Bellum
1283 917 1325 968 et

273 1005 468 1069 Olionoltam
488 1003 540 1064 fin
563 1001 667 1074 inille.
707 1004 793 1085 qnod
819 1017 925 1066 tamen
954 1003 1096 1064 indicant
1122 1007 1249 1065 numeri
1280 1006 1325 1066 in

274 1109 474 1170 Ptolemaeo.
528 1107 562 1168 Si
577 1107 654 1166 Pax
669 1106 755 1165 Iulia
771 1103 805 1166 h.
822 1105 864 1166 eli
880 1105 977 1175 licia,
1000 1123 1067 1165 non
1082 1105 1238 1176 Baiadoe,
1262 1109 1324 1166 uti

274 1208 411 1292 probant
435 1204 629 1276 Reiendiue.
663 1207 841 1276 Banerine.
879 1206 1007 1267 Nnnine
1028 1207 1159 1288 aliique,
1186 1209 1322 1289 optime

273 1311 352 1372 haec
368 1309 508 1371 distantia
528 1309 623 1370 hodie
640 1309 793 1370 convenit
810 1309 893 1368 inter
907 1310 989 1368 Bein
1006 1322 1038 1368 et
1052 1307 1203 1370 Menon.
1239 1309 1321 1372 vid.-

276 1411 403 1473 Nnnine
423 1413 456 1470 in
473 1408 561 1493 Hilp.
577 1429 643 1492 cap.
661 1424 719 1489 53.
773 1407 899 1491 Nempe
913 1409 1045 1490 Myrtili
1063 1410 1095 1470 h.
1111 1408 1153 1471 eli
1171 1409 1325 1471 Mertola

202 1496 207 1505 ¹
274 1514 312 1574 ed
339 1510 373 1576 il.
399 1517 517 1583 Anam,
550 1513 642 1592 plena
673 1514 790 1594 cippis.
827 1512 1002 1580 columnis,
1036 1511 1142 1572 statuis
1167 1512 1324 1591 antiquis,

274 1615 390 1696 quibui
407 1612 505 1675 Gothi
520 1626 552 1675 et
568 1613 724 1697 plautini
740 1613 927 1676 reficiendo·
943 1631 1054 1676 moro·
1070 1611 1115 1674 uli
1131 1609 1211 1686 lunt,
1240 1612 1323 1676 telle

274 1715 435 1781 Relendio
455 1717 512 1779 lib.
526 1727 561 1795 4.
579 1736 609 1798 p.
629 1731 709 1795 179.
730 1736 757 1780 c.
774 1715 796 1780 l.

351 1909 505 2011 Balsa)
544 1918 691 1981 Occurrit
709 1921 742 1980 in
757 1920 865 1980 Plinio
881 1927 917 2002 4,
935 1928 993 1996 35.
1013 1914 1033 1981 l.
1049 1931 1107 1980 22.
1130 1916 1323 1980 Ptolemaeo

277 2036 311 2092 Ω,
329 2034 361 2097 5.
377 2023 420 2080 in.
454 2021 551 2082 Marc.
575 2021 696 2082 Hemcl.
717 2041 788 2104 pag.
804 2030 864 2102 42.
882 2019 981 2081 Hudl.
1014 2020 1132 2081 Anton.
1156 2021 1189 2080 in
1210 2019 1324 2082 itiner.

275 2143 310 2206 p.
327 2123 412 2202 426.
437 2121 490 2181 nbi
507 2142 522 2181 a
540 2123 618 2181 Pace
638 2122 718 2181 lnlia
736 2135 920 2183 removetur
937 2135 984 2201 23
997 2121 1044 2184 M.
1056 2120 1093 2182 P.
1121 2120 1162 2182 H.
1184 2119 1326 2190 Tovilla,

278 2237 317 2282 nt
333 2223 488 2284 existimat
503 2221 678 2285 lielendiue
692 2221 746 2285 lib.
763 2233 798 2304 4.
814 2243 846 2307 p.
870 2236 950 2302 ¹8⁰·
968 2241 995 2286 e.
1012 2224 1033 2285 l.
1055 2222 1222 2306 praecipue
1243 2220 1325 2284 urbe

277 2323 451 2412 Algarbiae.

359 2517 600 2618 Ossonoba)
651 2527 703 2589 sic
717 2525 802 2590 Plin.
821 2546 846 2590 c.
866 2527 888 2590 l.
915 2527 1033 2590 Anton.
1050 2527 1082 2587 in
1099 2525 1169 2586 itin.
1184 2543 1217 2607 p.
1231 2524 1325 2602 426.

280 2624 374 2710 Apud
395 2629 534 2690 Ptolem.
559 2644 590 2699 Ω,
615 2639 647 2705 5.
672 2631 717 2690 in.
740 2623 946 2705 Ὀσσόναβα,
983 2631 1080 2690 Marc.
1109 2626 1230 2688 Heracl.
1250 2645 1278 2688 c.
1299 2627 1328 2690 1.

280 2723 458 2806 Ὀσόνοβα.
502 2732 715 2792 Antoninusa
734 2729 818 2790 Balla
839 2745 985 2794 removet
1003 2732 1045 2793 16
1062 2728 1109 2792 llll.
1126 2727 1163 2790 P.
1191 2725 1328 2788 Marcia·

281 2851 343 2893 nne
363 2845 433 2910 300
453 2845 503 2892 aut
530 2843 600 2909 540
620 2831 743 2902 stadiis,
769 2833 963 2912 aliquantum
987 2831 1182 2912 discrepenet
1215 2827 1329 2890 Ptole·

284 2949 395 2994 meent
418 2934 500 2994 intra
528 2935 671 2993 medium
698 2932 844 2997 conliliit.
888 2935 926 2994 ln
948 2933 1042 3014 cippo
1067 2931 1201 2992 occurrit
1221 2931 1327 3008 flesp.

285 3026 397 3121 Offon.
437 3034 508 3095 vid.
526 3033 700 3095 Relendius
721 3052 789 3117 pag.
812 3043 889 3110 182.
908 3055 933 3096 c.
953 3035 974 3095 l.
1002 3034 1056 3115 qni
1076 3044 1205 3099 monet.
1232 3027 1330 3091 iuiffo

285 3137 363 3198 olim
385 3137 482 3197 etiem
500 3134 604 3196 letlem
628 3133 782 3216 episcopi,
811 3149 878 3196 tum
902 3155 1001 3218 paene
1020 3135 1172 3202 dirutam,
1199 3131 1268 3215 poli
1288 3132 1330 3192 in

283 3239 393 3298 vicum
411 3237 567 3298 reflectam
585 3237 765 3317 dictamque
781 3235 984 3306 Exnbanmn,
1010 3255 1105 3305 nnnc,
1129 3253 1202 3294 cum
1223 3251 1330 3314 prope

283 3357 351 3399 non
376 3339 427 3407 fit,
456 3341 633 3418 nuncupari
654 3337 757 3428 Pistoi.
799 3339 906 3400 llodet
933 3337 1014 3399 Caro
1036 3337 1068 3398 in
1085 3337 1204 3415 antiqu.
1224 3333 1328 3397 Lusit.

285 3451 319 3517 3.
336 3451 394 3514 75.
412 3439 454 3501 eil
469 3437 647 3532 Eflombar.
674 3451 806 3500 notante
826 3440 992 3500 Herduino
1014 3439 1051 3498 ad
1077 3438 1161 3499 Plin.
1178 3456 1203 3496 c.
1222 3435 1243 3496 l.
1286 3435 1331 3496 ln

284 3542 404 3602 vicinia
425 3555 526 3613 certe.
565 3540 696 3623 propius
722 3554 828 3602 tamen
854 3541 892 3602 ad
914 3540 1173 3624 promontorium
1204 3534 1332 3598 lacrum

282 3640 389 3705 lacuit.

360 3841 626 3927 Lacobriga)
676 3847 726 3906 De
741 3843 879 3905 lectione
897 3857 928 3904 et
948 3840 1099 3924 scriptura
1116 3843 1150 3903 ln
1168 3853 1237 3902 not.
1253 3839 1329 3904 crit.

283 3963 316 4028 p.
333 3960 391 4008 Μ.
416 3945 536 4006 clinum
560 3947 613 4010 eil.
651 3947 770 4024 Briga,
794 3946 879 4026 qnod
901 3946 1103 4026 adpenditnr‚
1130 3955 1242 4027 putant
1265 3939 1331 4003 elle

285 4045 449 4108 Thracum
473 4045 554 4116 bria,
581 4049 666 4128 qnod
687 4047 729 4108 est
751 4049 824 4108 urbs
844 4045 959 4106 inserto
981 4068 1013 4127 g.
1049 4047 1119 4104 Vici.
1136 4045 1173 4104 ad
1191 4059 1222 4110 Ω.
1241 4059 1272 4111 o,
1292 4052 1330 4117 5.

284 4150 320 4212 in
337 4163 418 4213 voce
434 4139 636 4242 Mesembria.
671 4150 714 4212 Et
731 4149 771 4212 fic
785 4148 968 4234 Stephanus
984 4149 1018 4210 in
1029 4143 1198 4220 Butobria,
1218 4141 1331 4227 Hispe-
