2650 4896
125 397 172 456 tlt
196 393 330 456 ΡΟΗΡ.
358 393 467 454 ΜΠ..
507 391 617 454 Lm.
658 393 793 460 &VIII-
833 396 912 469 ιι.
975 403 1037 470 181

37 565 131 636 luido·
148 567 169 632 s.
189 590 220 633 r.
245 563 367 658 ἐρυθραὶ
385 562 561 642 θάλασσα,
591 567 815 654 Prrapbrrslee
833 565 982 649 Dionysri
996 569 1039 634 ed

36 693 59 736 r.
77 674 148 747 607.
185 669 236 734 Cf.
257 668 387 734 Politue
412 666 447 732 in
470 667 682 734 animadvers.
707 669 749 732 ed
768 666 902 750 Dionys.
927 669 985 736 lib.
1007 689 1038 738 u.

37 794 58 835 c
73 775 118 836 ι6.
131 793 160 855 p.
180 782 261 850 238.
287 768 345 835 ubi
363 773 457 855 plura
478 769 615 834 omnino
637 771 679 834 de
698 771 800 834 rubro
818 769 900 834 mari
926 773 1040 856 legun·

35 888 82 936 trr.
112 870 171 936 ttii
189 893 279 936 mere
293 874 431 934 rubrum
448 875 545 956 plene
565 870 801 957 distinguuntr
818 875 887 941 liu
899 871 1040 938 Arabico

34 975 196 1048 erarico,
221 971 257 1036 in
280 971 400 1060 quibus
416 971 604 1038 Marcianus
622 971 658 1036 in
671 971 799 1059 periplo
820 995 893 1061 pag.
915 991 956 1054 13
975 976 1040 1063 sqq.

34 1072 194 1160 (lludson.)
228 1073 280 1139 Cs.
304 1073 402 1138 etiam
418 1076 548 1140 Salmas.
572 1075 612 1138 ed
633 1071 823 1140 Solinus.
844 1099 876 1162 p.
891 1097 936 1140 rn.
954 1089 1040 1158 540.

34 1191 58 1236 et
69 1185 140 1256 345.
159 1173 215 1260 qui
230 1172 312 1238 binc
325 1174 479 1261 explieat,
503 1196 561 1240 cur
577 1172 633 1240 elii
649 1173 694 1240 rui
714 1177 771 1260 rije
786 1173 922 1266 ἐρυθρᾶς
942 1179 1041 1244 στενά

33 1295 77 1359 pro
96 1275 236 1338 saucibus
249 1274 382 1340 Arabici
405 1279 508 1351 fiune,
542 1275 598 1340 alii
620 1295 680 1362 pro
701 1274 821 1340 intimo
843 1267 965 1343 iecelsu
983 1299 1042 1364 po-

32 1392 109 1448 nent,
135 1393 232 1460 prout
253 1399 330 1440 eum
355 1399 376 1440 u
396 1377 479 1442 mari
495 1380 596 1442 rubro
618 1378 814 1451 excludunt,
839 1381 893 1442 vel
916 1376 966 1441 illi
988 1381 1043 1442 ad·

32 1475 165 1560 iungunt,
199 1477 250 1542 uti
272 1495 305 1541 et
326 1476 463 1544 discitur
485 1477 522 1542 in
541 1476 731 1542 universum
750 1501 791 1542 ex
812 1477 977 1565 Procopio
999 1481 1042 1544 de

32 1579 59 1640 ll.
73 1579 103 1641 P.
122 1600 150 1652 r,
171 1599 223 1660 ¹9·
268 1581 340 1644 Nec
354 1578 459 1666 magio
474 1577 693 1654 consentiunt,
716 1577 785 1667 qui,
806 1583 935 1644 excluso
949 1597 1043 1646 utro·

34 1699 82 1762 que
102 1681 181 1756 sinu,
213 1681 256 1742 de
282 1679 366 1745 meri
391 1684 491 1746 rubro
511 1679 649 1768 eiusque
675 1679 825 1744 terminis
848 1685 1040 1768 loquuntur.
1099 1683 1103 1691 '

33 1781 191 1846 Herodotus
213 1806 244 1856 ι,
263 1796 347 1861 203.
380 1781 431 1846 uti
455 1781 521 1846 iam
540 1780 671 1856 notari,
704 1803 793 1846 mere
817 1780 918 1856 illud,
952 1783 1044 1870 quod

34 1879 128 1944 Graeci
146 1881 304 1968 navigant
324 1899 414 1947 extra
439 1883 593 1948 Herculio
618 1886 807 1956 columneo,
839 1883 1043 1949 Atlanticum

33 1995 58 2042 et
76 1983 201 2047 rubrum
225 1999 344 2058 vocet,
376 1983 533 2071 idemque
560 2001 593 2048 et
615 2006 722 2048 unum
748 1985 810 2048 esse
835 1982 934 2058 dicit,
966 1980 989 2048 i.
1012 2004 1042 2055 e.

34 2084 204 2158 cohaerens,
231 2083 310 2171 quir
331 2084 471 2170 obponit
491 2083 626 2170 Caspio,
655 2086 745 2172 quod
765 2107 824 2170 per
845 2085 876 2149 se
892 2086 954 2159 cll,
980 2105 1045 2152 nec

33 2201 91 2244 eum
106 2184 166 2249 elio
183 2185 424 2251 commiscetur.
457 2188 573 2250 Strabo
593 2189 647 2252 26.
664 2207 738 2271 pag.
755 2189 838 2267 566.
853 2186 875 2252 s.
895 2189 978 2266 765.
1002 2207 1043 2252 eo

34 2283 144 2348 nornine
167 2287 398 2374 complectitur
418 2309 508 2352 mure
529 2285 707 2351 ruslrinum
726 2303 815 2352 extra
834 2285 988 2352 Arabiam
1011 2303 1045 2354 et

32 2399 182 2472 utrumque
203 2391 321 2462 unum,
343 2387 519 2454 Arabicum
541 2403 574 2452 et
588 2387 763 2454 Persicum.
801 2387 989 2453 Marcianut
1006 2387 1044 2452 in

32 2484 136 2570 periplo
155 2511 186 2574 p.
202 2505 259 2568 23.
278 2488 423 2575 (Huds.)
443 2507 620 2574 utrumque
635 2492 739 2553 smum
753 2486 943 2554 discernite
958 2485 1044 2552 muri

34 2587 130 2665 rubro,
162 2587 319 2654 Arabiam
339 2589 442 2676 ipsam
460 2592 501 2654 nd
515 2611 605 2654 mere
626 2591 780 2664 rubrum,
811 2591 902 2678 quod
925 2588 1045 2676 incipit

36 2687 66 2747 rb
82 2689 225 2773 urgulliie
249 2688 320 2754 eine
343 2695 446 2766 srnur,
476 2707 510 2755 et
528 2689 716 2755 Homeritas
729 2689 764 2754 in
781 2690 899 2756 Arabia
921 2691 963 2754 nd
982 2689 1045 2754 ini·

35 2781 101 2852 tium
113 2791 200 2856 rubri
216 2789 330 2865 meris,
356 2793 447 2879 quod
461 2795 500 2856 ab
516 2789 633 2856 Indico
649 2790 759 2878 excipi
779 2790 836 2871 ait,
858 2809 1044 2878 promovet.

36 2887 74 2950 (li
88 2911 151 2976 pag.
165 2917 219 2958 rr.
237 2909 271 2957 et
291 2904 347 2972 ¹6·
387 2895 518 2980 linquo
536 2889 724 2965 conficitur,
750 2896 854 2956 sinum
869 2894 1046 2969 Persicum,

37 2991 77 3050 etl
90 3011 159 3056 eum
174 2992 359 3080 seperatim,
378 3009 417 3056 ut
430 2991 620 3068 Arabicum,
642 3009 813 3066 memorat,
834 2993 876 3056 nd
891 2991 1046 3058 lodicum

35 3090 124 3171 potine
139 3093 262 3182 abipso
278 3093 402 3160 referri.
441 3097 490 3158 lta
503 3115 623 3178 nempe
639 3093 755 3157 diserte
771 3091 884 3158 scribit
897 3113 970 3179 pag.
989 3105 1044 3174 14.

36 3195 133 3273 egresso
147 3199 250 3260 linum
262 3197 426 3260 Persrcum
440 3197 481 3258 ad
497 3195 650 3260 sinistram
667 3213 839 3262 occurrere
852 3215 942 3258 mare
957 3191 1047 3261 Indi·

35 3309 104 3358 cum,
122 3299 357 3382 Agrtbcmerue
370 3315 402 3370 o,
418 3321 471 3362 rr.
487 3300 527 3360 rb
540 3294 657 3362 lndico
669 3293 754 3360 mari
768 3296 960 3381 progressus,
975 3295 1046 3360 sub-

35 3385 94 3458 iicit
105 3395 331 3471 Carmaniurn,
356 3399 512 3476 rubrum,
535 3399 718 3486 quodcum
736 3396 794 3460 illo
813 3393 1047 3481 coniungetur,

35 3492 81 3555 rbi
95 3496 202 3564 ollium
218 3503 303 3563 lione
317 3497 435 3564 Perfrei
451 3499 481 3562 se
502 3497 616 3584 aperit.
647 3499 720 3563 Poll
733 3501 869 3564 rubrum
886 3519 974 3562 ruere
989 3517 1047 3584 po·

37 3591 77 3657 nit
92 3599 186 3664 finum
201 3599 397 3674 Arabicum,
423 3599 597 3686 posthunc
612 3617 645 3664 et
663 3597 825 3686 reliquum
841 3596 932 3664 rubri
948 3597 1048 3663 marie

36 3711 142 3775 partem
155 3723 244 3766 mere
256 3699 491 3787 Aethiopicum
506 3699 598 3765 iuxta
611 3699 813 3766 Barbariam.
848 3703 893 3763 Et
904 3701 945 3765 src
963 3719 995 3774 o,
1013 3701 1048 3766 ⁶.

39 3795 122 3862 linum
135 3801 309 3866 Arabicum
330 3819 457 3888 partem
472 3801 552 3868 facit
572 3800 665 3866 rubri
680 3799 799 3875 merie,
823 3817 889 3888 quo
910 3799 1049 3866 nomine

38 3893 220 3968 ctiamillum
235 3919 333 3967 vocet
354 3929 384 3977 r,
404 3923 437 3968 o.
473 3902 613 3981 Plinius,
639 3901 696 3990 qui
715 3905 749 3976 6,
769 3914 825 3980 68.
842 3902 863 3964 s.
882 3911 938 3983 24.
959 3923 1051 3967 mute

38 3997 154 4066 rubrum
168 4003 203 4068 in
217 4005 301 4068 duot
319 4007 404 4069 finur
419 4003 526 4068 dividi
546 4001 670 4078 scribit,
697 4001 733 4066 in
746 3999 923 4068 Arabicum
937 4019 1050 4069 tumen

38 4091 155 4170 iuduere
186 4103 280 4174 addit
302 4125 397 4180 mere
417 4105 598 4182 Azanium,
632 4102 729 4174 ctriur
754 4102 891 4196 quidem
913 4101 1050 4172 initium
