2696 4896
294 418 357 487 aaa
563 405 725 466 norea
763 364 1063 466 exacturam

293 584 416 648 Mirum
431 594 549 652 tamen.
569 579 737 666 originem
754 583 788 642 in
806 581 1005 645 Matthaeum
1020 602 1059 644 ex
1074 579 1152 644 Iuba
1167 603 1240 669 rege
1256 582 1314 647 scri·

292 685 387 760 bere,
413 684 609 744 Britannicae
627 684 805 768 margaritae
823 686 1006 766 proximum
1026 684 1064 745 ab
1080 685 1198 748 Indicia
1218 687 1313 750 locum

292 787 425 851 baberet
461 779 682 872 δευτερεύουσι
707 779 739 847 δέ
762 807 830 860 τως
853 781 883 849 ἐν
909 776 1124 873 μαργαρίταις
1151 786 1182 846 αἱ
1204 783 1237 849 ἐκ
1258 786 1314 850 τοῦ

293 882 384 953 κατα
407 883 602 974 Βρεττανίαν
618 881 788 950 Ὠκεανοῦ
802 881 1057 974 λαμβανόμενον.
1084 891 1204 948 Verum
1219 889 1312 972 pastea

197 1001 202 1016 ‘
292 989 366 1052 illue
382 987 558 1050 describent
572 987 677 1048 addita
707 983 748 1049 ‘0
769 983 802 1050 δὲ
821 986 907 1050 κατα
928 984 1146 1075 Βρετταννὶαν
1169 985 1311 1077 narrari

291 1113 349 1177 της
371 1085 550 1176 χρυσωτός
565 1084 623 1175 μέν
645 1089 711 1152 ἐστι
728 1083 785 1174 τὴν
803 1087 990 1176 ἐτέχραιαν,
1018 1083 1210 1176 ὁμιχλώδης
1230 1085 1311 1165 dicu

292 1182 347 1256 uui
369 1189 443 1264 ταῖς
461 1186 690 1278 μαρμαρυγαῖς
710 1185 927 1278 α’μβλύτερες.
960 1182 1052 1275 [virt.
1070 1192 1109 1251 ad
1132 1189 1246 1253 Mattb.
1264 1203 1310 1269 15.

290 1287 374 1381 45.]
421 1292 542 1354 Eadem
568 1309 694 1372 quoque
717 1291 812 1353 habet
842 1293 990 1354 Aelianus
1016 1287 1078 1381 [de
1105 1305 1172 1355 nat.
1195 1292 1309 1357 animai.

296 1407 351 1473 15,
368 1387 423 1480 8.]
447 1411 487 1456 ex
508 1393 622 1455 eodem
648 1391 737 1456 Iuba.
789 1393 895 1454 Etiam
914 1393 1012 1455 hodie
1031 1393 1106 1454 talea
1123 1395 1310 1475 reperiuntur

289 1498 323 1560 in
341 1495 446 1558 ossrcit
466 1505 499 1556 et
519 1491 684 1564 musculis.
709 1512 775 1556 non
795 1495 828 1554 in
847 1493 1008 1555 Britannia
1023 1495 1142 1565 modo,
1170 1492 1222 1557 fed
1236 1506 1266 1556 et
1280 1495 1310 1556 in

288 1597 479 1681 Norwtgiae
500 1595 748 1675 Finiandiaeque
763 1596 908 1658 litoribus
922 1610 955 1656 et
972 1597 1058 1659 alibi.
1109 1596 1176 1658 Sed
1194 1595 1260 1656 iane
1276 1595 1309 1658 ed

289 1717 402 1761 omnen
425 1696 557 1758 borealia
585 1695 704 1758 Oceani
729 1698 907 1780 margaritas
931 1695 1139 1761 redimendae
1160 1699 1212 1760 vel
1235 1715 1308 1758 unua

286 1799 549 1884 Taprobaniticue
572 1795 711 1862 sufficiat.
738 1817 879 1863 rotetur.

362 1997 635 2084 generantia)
683 1999 736 2062 Sic
757 2001 898 2082 gignere,
925 2000 981 2064 etsr
995 2001 1128 2083 propina
1146 1999 1187 2064 de
1207 1999 1307 2070 bestiie,

287 2103 327 2168 ad
343 2102 458 2166 Nilum
474 2097 609 2163 refertur
627 2119 656 2170 ι,
673 2117 706 2179 9,
725 2115 758 2180 3.

363 2301 564 2386 papulas)
612 2303 704 2386 Quos
726 2301 812 2366 ncffe
828 2303 911 2366 Maia
934 2306 1057 2386 potuit.
1081 2324 1121 2366 ex
1145 2301 1305 2367 tettocae

287 2407 361 2478 fate,
384 2407 419 2467 hi
434 2403 498 2468 fere
514 2403 601 2479 sunt:
628 2407 682 2485 qui
704 2405 854 2467 Cantium
869 2409 995 2484 (Kent)
1014 2407 1164 2468 incolunt
1186 2406 1238 2488 (5.
1257 2414 1304 2482 14·

290 2508 407 2572 Cantii
422 2507 560 2568 Ptolem.
579 2521 611 2578 a,
628 2503 683 2587 5‘.)
708 2505 924 2577 Trinobantes,
948 2507 1144 2586 Cenimagni,
1166 2511 1249 2586 (vax
1261 2507 1305 2566 ad·

286 2607 386 2686 fecta)
419 2607 615 2688 Segontiaci.
647 2607 825 2679 Ancalites,
855 2606 1003 2678 Bibroci,
1038 2602 1134 2697 Caffi.
1160 2607 1216 2693 (5.
1240 2601 1305 2686 αι.)

286 2711 396 2773 Pluree
412 2707 467 2769 iub
489 2709 624 2771 Claudio
647 2721 879 2771 commemorat
895 2711 1025 2772 Tacitus
1047 2725 1102 2782 ια,
1122 2723 1170 2789 3α
1189 2707 1248 2790 [qq.
1271 2708 1305 2768 de

286 2813 402 2894 quibua
415 2809 567 2879 Catienae
583 2809 617 2871 in
633 2809 749 2895 Geogr.
765 2823 830 2874 aut.
847 2827 880 2882 a,
897 2821 932 2894 4,
952 2813 995 2876 16
1012 2809 1074 2893 sqq.

361 3011 522 3094 reges)
571 3013 875 3077 commemorantur
902 3014 1036 3074 omniuo
1060 3033 1077 3074 a
1101 3015 1256 3077 Strabone
1274 3020 1305 3089 4.

285 3137 318 3200 p.
337 3127 415 3194 138.
442 3113 463 3175 s.
487 3131 570 3178 200.
591 3108 785 3195 (δυνάσται)
811 3114 948 3198 Diodor.
968 3127 1000 3192 5.
1027 3131 1084 3177 nt.
1101 3131 1181 3178 extr.
1205 3113 1305 3192 (βασι-

146 3245 149 3254 ·
285 3209 593 3294 trientarium)
615 3212 917 3296 etpaffimabaliie.
957 3216 1166 3299 Singulorum
1183 3221 1304 3276 nomint

284 3305 383 3380 httbee¹
403 3317 486 3400 apud
503 3315 589 3379 caes.
608 3329 640 3393 5,
656 3333 714 3379 22.
740 3318 841 3378 Tacit.
860 3317 970 3378 Annal.
996 3335 1047 3385 ru,
1065 3331 1122 3394 33.
1136 3317 1221 3380 conl.
1237 3317 1304 3375 Dio·

284 3439 327 3482 ne
344 3419 402 3488 60,
419 3433 477 3480 no.
504 3419 539 3480 it.
556 3419 657 3479 Tacit.
682 3428 735 3495 14.
758 3431 815 3496 32.
842 3431 900 3494 55.
947 3416 996 3481 Gi.
1021 3420 1161 3500 quaeda
1188 3415 1304 3501 ragibue

286 3517 412 3584 disserit
428 3517 615 3580 Buchnerue
631 3519 669 3579 ad
685 3520 787 3580 Taciti
804 3519 907 3602 Agric.
922 3539 948 3582 c.
968 3537 1023 3582 ια.
1069 3521 1169 3581 Sexus
1188 3519 1303 3579 auitum

285 3621 430 3682 habitum
451 3618 511 3681 effe
535 3620 721 3688 discrimen.
746 3622 873 3702 adparet
894 3641 933 3682 ex
948 3623 1059 3683 Tacito
1080 3623 1162 3683 dnn.
1184 3631 1236 3698 14.
1253 3625 1301 3696 35.

285 3723 521 3784 Democratiam
543 3735 650 3782 tamen
669 3721 778 3783 Severi
801 3723 997 3804 temporibus
1010 3725 1063 3783 dat
1078 3721 1256 3784 Caledoniia
1275 3731 1301 3779 ct

285 3822 418 3884 Maeuiis
433 3823 497 3882 Dio
513 3823 571 3897 76,
591 3837 647 3886 12.
682 3822 800 3884 Melam
814 3837 846 3886 et
863 3824 915 3884 bic
934 3825 1039 3886 reddit
1059 3823 1227 3885 lornandee
1243 3841 1267 3881 c.
1281 3818 1300 3880 l.

285 3923 408 3985 Inculti
429 3943 523 4005 aeque
545 3945 651 3986 amnes
671 3924 782 4003 popuii
810 3945 951 4007 regesque
978 3925 1174 4004 populorum.
1225 3921 1300 3984 Alite

286 4025 382 4087 etiem
402 4043 492 4108 reget
514 4036 550 4086 et,
570 4024 682 4108 populi
708 4023 729 4088 i.
752 4037 862 4110 genter
885 4027 923 4086 iic
950 4023 1111 4106 separatim
1136 4034 1298 4106 ponuntur.

286 4125 377 4190 eatur
392 4127 535 4210 exempla
553 4125 640 4190 dabit
659 4126 870 4211 Oudendorp.
887 4127 926 4188 ad
939 4127 1060 4191 Lucan.
1077 4128 1109 4198 6.
1125 4133 1209 4210 443.
