2650 4896
103 432 448 496 turonorum.
490 432 601 493 Lm.
642 433 778 498 nun.
820 407 927 512 Μ’
961 449 1024 514 502

18 611 169 698 regionibus
196 629 214 670 a
239 607 427 671 Ptolemaeo
452 607 690 694 Ichthyophagi
719 627 1025 684 commemorantur,

19 715 96 798 quiin
108 730 145 774 eo
157 712 247 780 loco.
274 709 331 771 nbi
347 709 511 774 Nearchus
528 711 626 773 hahet
643 711 764 782 Oritas.
790 727 1026 777 commemorat

19 816 64 878 lere
76 817 106 884 6.
119 825 150 891 8.
166 812 457 897 chelonophagos,
488 813 687 896 omninoque
704 813 891 878 Carmaniis
912 816 1027 900 populi

20 916 250 995 iliiusntriusque
266 915 387 995 antiqui
401 915 568 998 regionem
589 911 752 979 adtribuit.
791 919 841 978 Do
861 917 1025 981 Chelono-

18 1019 104 1102 phtgie
118 1036 164 1078 res
180 1014 345 1078 manifesta
363 1015 407 1077 ett
430 1016 464 1077 iu
485 1015 593 1078 Plinio
610 1019 643 1087 6.
663 1027 721 1092 28.
738 1015 757 1079 l'.
776 1031 834 1098 24.
889 1019 937 1082 Ad
964 1021 1026 1082 Ge·

19 1119 121 1180 troiam
142 1115 237 1179 reiert
263 1116 522 1202 ichthyophagos
544 1119 708 1181 Diodorus
730 1121 793 1184 Sic.
827 1119 883 1182 etit
908 1119 1026 1183 dilsrts

17 1239 65 1281 non
81 1222 236 1288 nominat.
269 1220 318 1280 uti
335 1219 427 1280 docet
449 1217 540 1282 leriee
562 1221 747 1282 narrationis
769 1234 803 1282 et
826 1240 955 1284 ntorum
972 1221 1027 1284 de·

13 1298 115 1402 ¹irriptio
131 1334 185 1395 17.-
209 1333 291 1398 ¹⁰5·
342 1319 510 1392 solinum,
544 1321 598 1403 qui
623 1341 689 1404 cap.
710 1331 768 1399 57.
787 1319 807 1384 l'.
826 1331 886 1404 54.
910 1321 1027 1395 scribit,

18 1421 245 1507 ichthyophagos
259 1421 329 1505 poli
342 1421 441 1487 Indos
459 1435 624 1484 montanas
639 1425 786 1510 regiones
801 1436 919 1495 tenere.
942 1425 1027 1487 calii-

19 1524 84 1604 parit
102 1521 222 1586 Salmas.
249 1525 290 1584 sd
305 1542 332 1584 c.
356 1523 377 1584 i.
399 1543 430 1606 p.
449 1543 494 1586 ttt.
513 1531 597 1599 828.
631 1523 757 1588 Plinius
780 1527 813 1596 6.
838 1521 895 1588 26.
920 1523 940 1588 l.
965 1539 1026 1606 25.

19 1625 98 1684 iodea
113 1625 242 1686 Tubero
261 1625 326 1702 (alii
340 1624 443 1703 aliter)
464 1626 576 1706 incipit
598 1625 696 1712 longo
714 1639 823 1698 tractu,
847 1641 883 1688 nt
899 1627 1027 1692 dierum

20 1741 52 1788 to
66 1724 150 1808 ipatio
165 1726 331 1790 Nearchus
349 1727 636 1812 praenavigarerit.

73 1919 248 2020 hirsuti)
285 1931 410 1994 Plinius
424 1930 457 2001 6.
477 1928 570 2008 tal.
591 1939 650 2012 usp.
678 1929 830 2022 Nolirum
848 1931 1027 1994 fioredditt

21 2041 113 2106 praeter
131 2033 243 2112 capita
264 2043 334 2092 toto
350 2051 478 2112 corpore
496 2033 585 2095 hirti.
636 2033 756 2095 Eadem
774 2034 909 2095 mutatio
930 2032 1028 2096 huius

21 2129 183 2195 verbialibi.
217 2131 283 2196 Ubi
300 2131 610 2214 enimNrriie13‚9.
627 2147 661 2212 5.
679 2134 772 2195 dicit:
791 2125 1028 2226 seminationi

23 2249 120 2308 torpore
140 2225 299 2324 hirsutae,
324 2234 379 2296 ille
396 2235 429 2310 6,
446 2231 503 2315 56.
529 2233 625 2316 [51.
644 2236 757 2296 habet:
783 2237 870 2298 hirto
882 2227 1026 2325 femina·

22 2350 214 2412 nnsorpora.
257 2337 360 2417 htqne
379 2334 418 2396 fic
432 2335 573 2397 reddidit
589 2337 688 2406 lilela.
715 2339 802 2418 quod
827 2338 860 2398 in
880 2335 1025 2400 Nearcho

22 2449 45 2510 p.
58 2451 102 2496 to.
118 2435 258 2514 (Hudl'.)
280 2436 339 2499 eu:
365 2433 413 2499 ro*
433 2427 525 2500 ἄλλα
549 2431 688 2526 σώματα
707 2434 834 2509 δασέες.
855 2459 885 2500 κ.
901 2435 960 2512 ede
977 2460 1027 2502 κε·

23 2529 124 2611 dolah,
153 2539 204 2600 rei
227 2539 277 2600 uti
299 2557 338 2600 ex
361 2535 475 2601 Nollro
496 2553 528 2600 et
550 2537 660 2603 Plinio
680 2555 766 2601 recte
788 2539 940 2602 emendat
962 2541 1026 2602 Sal·

23 2633 109 2698 maius
121 2638 157 2698 td
173 2639 277 2702 Solin.
291 2659 319 2703 e.
338 2649 396 2722 54.
415 2638 436 2703 l.
452 2649 511 2716 57.
529 2659 561 2722 p.
578 2661 623 2704 m.
643 2651 727 2721 838.
751 2637 795 2702 rei
815 2632 904 2703 illa
920 2636 1029 2728 σῶμα·

23 2753 62 2806 τις
74 2731 167 2814 δασέες
185 2734 282 2816 ἐκτὸς
300 2735 467 2827 κεφαλῆς,
485 2753 523 2802 nt
537 2737 673 2826 κεφαλὴ
693 2745 726 2802 lit
744 2740 848 2807 iacies.
883 2741 1030 2805 Blencar·

24 2834 66 2897 dus
77 2839 108 2899 ad
122 2841 241 2904 Arriani
258 2843 365 2904 indice
379 2862 410 2925 p.
422 2855 506 2920 557.
523 2843 610 2905 hunc
624 2843 683 2904 elle
700 2843 789 2906 verbi
805 2834 907 2909 δασὺς
924 2842 1026 2915 nium.

24 2948 49 2994 ιι
59 2936 143 3005 hirtus
157 2944 203 3015 lit.
227 2959 261 3007 et
275 2939 364 3020 λεῖος
379 2941 572 3028 obponatur.
598 2944 742 3028 pluribus
760 2943 883 3006 docuit.
921 2943 1028 3009 Potest

24 3037 78 3098 aridi
89 3041 194 3108 llrnno
210 3046 245 3107 in
266 3045 391 3128 periplo
407 3065 478 3132 pag.
497 3055 530 3124 5.
547 3039 679 3132 (Hndl.)
705 3044 760 3126 qui
781 3039 906 3108 dantiae
920 3065 951 3108 r.
967 3039 1027 3108 σιὐ·

24 3158 82 3220 μασι
95 3144 182 3216 dixit,
210 3167 290 3228 quae
307 3145 392 3209 Mela
408 3138 565 3237 hirsutus.
591 3143 715 3211 Plinius
736 3145 852 3207 hirtus.
893 3144 1029 3209 Curtius

26 3255 50 3314 o·
65 3259 108 3312 ¹0·
122 3264 153 3326 9.
175 3251 240 3312 iliis
260 3247 371 3310 tribuit
390 3267 497 3309 coenas
516 3239 655 3338 hirfittos
674 3259 706 3307 et
727 3235 891 3334 intonsas.
919 3259 952 3308 et
971 3269 1027 3306 rm·

24 3359 79 3416 goes
97 3367 250 3433 nunquam
273 3340 396 3442 recisos.
429 3346 526 3412 (Ioni.
544 3349 678 3412 Diodor.
699 3349 761 3410 Sic.
782 3363 836 3440 1¹7,
857 3362 936 3426 to5.
974 3348 1028 3411 ste

25 3441 49 3498 in
68 3462 191 3515 extrema
216 3453 307 3514 india
333 3451 425 3512 hirtio
450 3451 640 3535 corporibus
671 3451 821 3512 homines
847 3448 908 3512 elle
934 3450 1030 3511 tradit

24 3539 119 3734 gplllinr
133 3561 164 3628 8,
179 3565 214 3640 4.
244 3573 323 3638 quos
346 3550 473 3617 Plinius
489 3567 523 3634 7,
547 3569 581 3618 a.
605 3551 717 3618 eadem
738 3569 818 3616 roes
840 3549 915 3616 ulus
936 3561 1031 3616 vocat

67 3667 151 3717 omos.
939 3661 951 3674 ’

2 3921 3 3926 1
85 3851 155 3917 cet
162 3881 203 3921 ro
203 3850 234 3952 s
233 3861 246 3920 i
253 3861 265 3920 i
272 3858 292 3944 )
342 3857 446 3942 Regio
462 3857 590 3921 Graecis
604 3851 770 3946 Friprooin
785 3855 837 3920 vel
851 3847 1030 3946 Κεδρωσία,

26 3941 121 4018 latini,
137 3959 284 4054 Gedrosia
298 3975 331 4023 et
350 3955 513 4052 Cedrosta.
547 3961 689 4022 Variatur
705 3961 803 4020 enim.
840 3957 921 4020 illud
938 3958 1029 4040 pieri-

25 4063 71 4124 que
88 4060 215 4131 malunt.
242 4066 274 4124 in
297 4063 348 4134 hit
361 4061 475 4126 Strabo
497 4074 552 4140 15.
572 4083 643 4146 pag.
659 4061 744 4143 496.
759 4057 781 4122 i.
800 4073 883 4137 721.
898 4071 931 4122 et
945 4059 1030 4132 alibi,

26 4151 187 4229 eliiotoator
203 4166 259 4228 lib.
279 4177 335 4243 15.
354 4184 387 4249 p.
401 4177 486 4228 ooo.
502 4162 632 4245 (liudi.)
661 4159 793 4242 otonyt.
815 4181 848 4224 v.
873 4161 976 4240 rogo.
998 4177 1031 4224 et
