2696 4896
145 410 192 470 ΙΝ
216 408 342 470 ΡΟΜΡ.
369 405 476 466 MEL.
516 407 629 466 ΗΠ.
669 407 776 471 CVI.
816 408 896 480 Μ’.
966 415 1029 482 ιω

35 581 219 656 Britanniam,
244 601 340 668 quam
354 578 546 666 triquetram
560 595 735 665 putarunt,
759 601 828 644 uno
845 584 1030 651 lateretam

24 709 125 776 param
143 687 179 747 ab
199 679 350 768 Hispania
378 697 539 744 remotam
564 681 624 744 esse
650 683 760 746 versus
782 681 925 746 auslium
948 683 1030 746 sere-

19 796 107 862 bant,
124 801 173 848 ut
195 781 340 848 traiectio
365 779 451 847 intra
483 779 661 846 dimidium
684 781 785 846 uniua
811 783 879 848 diei
905 781 1031 848 absolvi

37 889 118 976 pallet
137 883 314 972 (Appianae
330 883 365 948 in
380 883 470 969 Hisp.
487 905 515 948 c.
537 879 587 968 a.)
634 882 850 960 Posseriorea,
877 883 934 972 qui
953 907 1031 948 eum

38 1011 147 1055 rnorem
164 985 400 1071 intelligerent,
431 1005 486 1048 eaa
507 983 711 1070 interpretati
733 987 823 1059 sunt,
855 1009 938 1074 quae
955 986 1031 1049 Tri·

37 1097 105 1156 leaco
125 1085 344 1174 promontorio
365 1085 478 1168 (cato
495 1087 534 1148 da
551 1087 704 1168 Ortagal)
725 1109 863 1152 numero
883 1091 1032 1174 complu·

36 1213 70 1256 aaa
81 1189 232 1262 obiacent,
258 1209 399 1276 quarum
414 1185 526 1251 notior
542 1186 579 1250 in
595 1186 767 1251 orientem·
778 1192 810 1253 h.
826 1191 897 1254 Isso
908 1191 952 1252 de
971 1191 1032 1273 Cy·

36 1295 116 1376 priua,
146 1289 179 1353 iu
198 1289 406 1356 occidentem
424 1287 557 1374 longina
579 1286 687 1352 diasua
704 1293 864 1374 Zyaarga.
917 1289 1031 1354 Conti-

37 1413 91 1456 aeua
105 1395 237 1476 obposita
255 1389 337 1455 olim
352 1388 541 1468 Celtiberia,
561 1391 595 1454 b.
613 1389 786 1466 Gallaecia,
812 1389 870 1455 ubi
888 1389 1033 1456 Celticoa

36 1491 105 1580 pauit
121 1495 210 1558 Mela.
247 1497 295 1556 lta
319 1489 502 1556 Cluverius.
555 1489 611 1556 Sic
632 1491 777 1557 Orteliua
807 1491 888 1580 ipsas
913 1492 1033 1558 insulae

36 1593 200 1664 Britannicae
219 1595 281 1658 esse
305 1593 482 1679 suspicatur
498 1591 534 1656 in
554 1592 703 1656 thesauro
720 1596 752 1658 la.
768 1617 799 1658 v.
822 1611 860 1658 ut
875 1595 1035 1679 Sprengel

37 1699 84 1759 cl.
113 1690 223 1759 Insulae
245 1693 383 1759 omnino
397 1691 600 1759 Britannicae
618 1695 690 1756 esse
703 1694 875 1758 contendit
889 1697 1034 1762 Bocbar·

38 1813 72 1859 tna
82 1793 110 1858 in
120 1798 265 1862 Cbanaan
285 1820 315 1870 a,
332 1812 390 1878 39.
418 1797 508 1881 quod
523 1812 610 1860 traua
622 1797 773 1860 Artabron
787 1798 828 1859 ad
844 1795 1034 1882 aquilonem

37 1901 111 1961 aulae
137 1896 208 1961 aliae
241 1897 373 1962 noverit
401 1894 521 1961 insulae
551 1893 680 1982 plumbi
705 1897 875 1984 stannique
901 1897 1033 1962 scracea.

37 1995 81 2060 Cui
101 1997 205 2063 adiicit
224 1997 481 2083 etymologicam
504 1993 678 2062 rationem.
719 1993 956 2088 Bpeaaaaudya,
982 1995 1034 2062 uti

37 2101 122 2162 Strabo
138 2117 232 2164 aocet
252 2097 478 2172 Britanniam,
505 2097 848 2164 commurmurat.
869 2121 897 2164 e.
918 2121 1035 2184 agrum

37 2199 109 2262 suani
123 2215 152 2263 et
172 2199 320 2286 plumbi,
343 2201 492 2264 [launum
515 2198 651 2286 reperiri
672 2203 705 2265 h.
719 2198 863 2265 maxime
879 2198 914 2264 in
932 2203 1035 2265 Corn·

37 2301 117 2364 wallia
130 2319 159 2366 et
173 2301 297 2366 vicinia
316 2301 448 2380 insulia‚
474 2305 648 2388 plumbum
665 2300 701 2364 in
718 2301 903 2374 Constantis,
930 2302 1035 2367 Ordo·

19 2400 149 2476 deibus,
174 2421 205 2467 et
225 2401 450 2488 brigantibus,
500 2401 654 2488 Plerique
669 2425 746 2468 cum
761 2405 954 2468 Cambdeno
975 2425 1035 2488 pu-

37 2515 83 2564 tant
101 2506 153 2566 else
177 2526 229 2568 aaa
248 2504 440 2570 Britanniae
463 2503 584 2568 insulae
605 2502 769 2578 minorea,
797 2527 877 2592 quaa
899 2507 932 2568 b.
950 2507 1037 2568 Sorr-

36 2604 107 2686 liages
119 2624 234 2670 vocant
251 2624 284 2670 et
294 2608 399 2690 Sissey.
429 2605 502 2670 Vid.
517 2603 640 2669 Martin
655 2605 724 2672 hist.
743 2607 800 2669 dea
816 2609 936 2670 Gaulea
949 2607 990 2670 T.
1004 2630 1034 2670 a.

36 2703 75 2767 lia.
93 2730 116 2770 ι.
134 2730 162 2791 p.
183 2721 263 2789 159.
285 2723 355 2772 not.
371 2729 398 2772 c.
432 2724 465 2770 et
485 2705 635 2792 pluribus
658 2709 814 2770 Mannert
835 2705 871 2771 in
893 2711 1035 2793 Gcogra·

36 2805 148 2888 phie-
167 2811 207 2871 T.
236 2834 267 2874 a.
287 2831 320 2894 p.
335 2820 410 2889 409
425 2809 491 2894 sqq.
526 2805 583 2894 qui
613 2806 819 2872 Cassiteridas
844 2809 914 2893 post
938 2812 1035 2892 plane

35 2903 59 2967 in
77 2907 266 2973 oblivionem
288 2909 408 2972 venisse
427 2925 537 2994 putat,
564 2931 662 2995 quam
682 2932 722 2973 ex
740 2907 930 2982 Britarnaia,
956 2907 1036 2972 Dio·

37 3007 93 3070 dora
114 3010 202 3084 teste,
240 3011 389 3074 stannum
413 3008 450 3073 in
477 3007 616 3074 Galliam
641 3027 864 3076 transvectum
890 3009 943 3074 est.
983 3009 1034 3076 Cf.

35 3107 108 3172 etiam
120 3114 249 3176 Heeren
266 3115 367 3174 ldccn
389 3114 472 3174 iiber
488 3111 542 3173 die
563 3110 688 3175 Politilt
702 3143 750 3158 —
767 3113 825 3175 der
846 3116 934 3174 alten
948 3114 1038 3174 Welt

36 3231 57 3292 p.
73 3228 137 3289 ¹3¹·
180 3216 305 3280 Contra
318 3209 448 3276 Noniua
464 3211 499 3275 in
516 3211 668 3298 Hispania
684 3235 754 3298 cap.
774 3230 832 3295 93.
859 3211 917 3275 ubi
936 3211 1037 3296 pluri·

35 3330 72 3371 tna
83 3313 117 3376 de
129 3313 169 3378 iia
185 3315 351 3400 congessit,
377 3317 432 3378 etsi
447 3311 572 3400 reliqua
587 3311 623 3376 in
638 3313 705 3378 illia
718 3311 908 3378 Britanniae
922 3311 1038 3376 insulia

36 3431 186 3497 congruere
204 3417 337 3489 fatetur,
363 3437 539 3478 numerum
557 3431 680 3490 tamen,
698 3438 775 3479 cuna
792 3418 851 3476 sant
872 3424 952 3495 140,
974 3412 1037 3477 dia·

35 3533 137 3598 crepare
150 3533 281 3592 monet,
309 3533 342 3580 et
357 3516 541 3600 Soerlingea
562 3514 673 3600 potiua
690 3515 771 3580 olim
787 3512 943 3600 adpellari
960 3516 1051 3578 Situ.

35 3633 83 3676 ram
95 3622 142 3680 vel
154 3621 291 3684 Silurum
307 3619 395 3703 apud
412 3615 564 3682 Solinum
584 3616 670 3702 (cap.
689 3631 744 3696 25¹.
764 3618 783 3681 s.
804 3616 876 3700 aa.)
896 3630 929 3678 et
944 3613 1038 3679 Taci-

36 3717 133 3780 tamin
149 3719 308 3804 Agricola.
335 3722 426 3804 (cap.
447 3744 501 3784 ιι.
527 3717 599 3782 Vid.
616 3735 649 3782 et
664 3717 775 3803 alibi.)
814 3718 901 3802 lpse,
928 3719 1038 3802 quales

36 3815 78 3879 sint
90 3820 200 3894 laodic,
228 3821 258 3884 se
271 3819 421 3904 ignorare
441 3820 632 3905 prostratur,
656 3835 713 3883 aut
729 3836 816 3884 certe
833 3839 900 3880 uon
922 3822 1038 3902 procul

36 3919 155 3983 alluvio
175 3921 346 4006 Brigantio
368 3919 425 4007 (in
440 3919 600 4006 Gallicia)
623 3922 655 3986 la.
674 3921 824 3984 Garunna
839 3921 1038 4004 quaerendas

36 4020 93 4092 else,
117 4039 148 4086 et
164 4021 326 4108 potiorem
346 4024 376 4086 h.
396 4025 553 4106 Cicurigct
600 4025 651 4086 De
666 4018 830 4086 Siluribua
852 4036 953 4094 errat,
980 4020 1039 4107 qui

19 4201 20 4206 ἵ
36 4115 145 4187 suerunt
163 4129 304 4213 populare
318 4123 509 4190 Britanniae
526 4121 562 4189 in
578 4143 633 4190 ora
649 4120 826 4200 maritima,
852 4139 890 4186 ut
903 4121 1040 4190 Tacitae
