2696 4896
188 415 240 472 ut
270 397 692 474 voluntatemne
733 411 824 474 ov.
867 417 946 488 aa.
1030 427 1089 490 ⁸35

42 585 119 664 [13
139 583 186 666 sq.
217 585 350 666 Dionys.
370 608 403 650 v.
424 597 496 662 728
513 585 575 669 sqq.
613 587 662 648 Ex
681 583 883 670 scriptoribue
902 559 1086 668 szanlinie

50 685 203 749 recensuit
220 689 387 751 Stritterue
405 689 438 752 io
456 689 620 750 memoriis
638 689 842 771 populorum.

105 879 232 978 steti
258 888 487 972 litoribus)
536 891 608 952 Hoc
627 889 688 962 esi.
715 891 843 954 inritati
863 906 895 954 et
919 892 1081 954 srrssentats

40 990 176 1050 litorum
215 989 376 1054 fertilitate
408 1006 441 1056 et
470 993 661 1056 amoenitate
692 995 730 1056 acl
765 993 885 1076 passum
916 1013 1078 1078 pecorum.

38 1110 180 1156 aoonva.

116 1283 292 1384 Caspii)
324 1295 379 1358 Gr.
396 1291 547 1370 Κάσπιοι,
568 1309 604 1357 nt
620 1295 730 1360 Strabo
749 1317 805 1362 ιι.
820 1317 853 1380 p.
865 1306 946 1381 354.
961 1296 1076 1378 s.5r4.

37 1409 70 1458 et
96 1395 176 1454 alibi
208 1416 281 1456 cum
315 1399 393 1458 aliia.
451 1393 593 1462 fidenter
628 1389 736 1486 ἄνδρες
769 1398 900 1478 Dionys.
934 1421 967 1462 v.
991 1413 1076 1482 730.

41 1489 232 1586 Caspiadae
260 1497 328 1558 sunt
355 1499 474 1562 Valerio
498 1501 605 1562 Flacco
629 1496 661 1569 6,
691 1515 769 1574 107.
815 1493 971 1592 Caspiani
991 1499 1075 1581 apud

38 1598 194 1660 Nostrum
221 1620 246 1667 r,
270 1614 303 1669 Ω,
327 1611 361 1679 ti.
396 1600 451 1660 ubi
483 1602 677 1682 disputatur.
710 1623 749 1662 an
779 1601 837 1663 lint
870 1604 987 1672 iidem,
1020 1601 1076 1682 qui

41 1698 157 1779 Caspii.
201 1700 280 1760 inde
316 1693 484 1786 flauenti,
516 1703 555 1763 de
588 1720 699 1764 eorum
731 1705 879 1788 regione,
915 1700 1074 1783 quemad

1 1821 3 1828 ’
40 1800 206 1860 Albaniam
224 1799 318 1862 refert
331 1803 442 1864 Strabo
462 1824 474 1862 ι
489 1823 515 1864 ι.
534 1822 565 1884 p.
578 1800 659 1884 346.
672 1801 692 1865 s.
704 1816 748 1880 50
758 1822 788 1866 o.
825 1803 873 1866 Ab
887 1802 938 1864 hie
952 1803 1074 1864 dictum

39 1902 96 1963 else
115 1900 268 1982 Caspium
284 1924 378 1972 mare,
396 1905 506 1966 Strabo
522 1917 610 1966 notat
626 1923 652 1966 c.
670 1905 840 1986 lallique.
890 1903 1074 1983 Scythicam

40 2015 173 2086 gentem
196 1999 268 2064 sacit
295 2005 475 2067 Euliathiua
495 2007 532 2066 ad
555 2002 689 2084 Dionys.
710 2026 742 2068 v.
760 2019 843 2085 730.
864 2019 897 2069 et
918 2005 1016 2066 multa
1033 2023 1073 2066 ex

38 2105 175 2166 aliorum
196 2107 426 2168 narrationibut
447 2097 546 2168 adieri
569 2105 609 2169 de
626 2103 787 2169 fertilitate
809 2107 928 2177 mello,
955 2106 1073 2167 vitium

1 2245 2 2248 =
38 2217 68 2267 et
86 2207 224 2266 ficuum.
277 2207 336 2287 lpfi
353 2205 449 2276 senes.
477 2211 509 2267 in
526 2208 640 2288 quibua
656 2210 751 2270 etiam
771 2221 929 2291 parentet.
954 2221 999 2282 70
1020 2227 1073 2269 an·

38 2325 157 2368 nomm
170 2304 305 2369 inclusos
321 2305 403 2370 fame
417 2308 579 2371 necabant.
605 2309 716 2372 Strabo
735 2331 746 2368 ι
760 2331 788 2372 ι.
804 2329 836 2392 p.
847 2309 930 2388 356.
945 2305 966 2368 s.
987 2319 1072 2384 517.

38 2421 68 2470 et
83 2408 197 2489 paullo
214 2405 355 2469 inseriae.
384 2412 418 2470 ln
434 2412 570 2472 exercitu
590 2411 665 2470 olim
677 2408 947 2477 Xerxiamilitasse.
968 2407 1073 2469 scribit

39 2509 202 2570 Herudnt.
223 2524 257 2582 7,
281 2512 339 2581 67.
363 2526 395 2571 et
420 2523 478 2586 237.
531 2513 571 2574 llt
588 2511 752 2572 Strabonis
773 2523 873 2574 aetate
894 2503 986 2582 ἔθνος
1007 2521 1073 2583 erat

39 2606 185 2690 ἂφανές,
211 2608 257 2670 uti
275 2611 417 2672 adfirmat
437 2632 489 2673 rr.
507 2633 537 2694 p.
551 2614 632 2692 346.
650 2610 671 2674 s.
687 2625 771 2690 502.
800 2613 931 2673 lliorotn
945 2613 1073 2692 antiqua

1 2765 2 2768 ,
40 2709 124 2772 sedec
141 2713 179 2771 ad
198 2710 347 2794 Caspium
366 2733 449 2774 mare
465 2727 732 2775 commemoratur
750 2733 765 2774 a
782 2713 882 2780 Mela.
905 2715 1074 2773 concinen-

38 2813 122 2874 tibua
146 2813 239 2874 aliie.
259 2813 369 2875 Strabo
384 2833 410 2874 c.
427 2815 446 2874 1.
465 2815 501 2872 ad
518 2815 680 2875 Albaniam
696 2811 808 2886 resert;
832 2811 926 2894 ipsam
942 2826 1074 2897 gentem

39 2910 93 2976 suo
110 2927 259 2994 tempore
279 2914 440 2975 obscuram
459 2914 546 2976 fuisse
562 2917 660 2978 addit.
712 2915 856 2976 Discedit
876 2915 1074 2976 Ptolemaeus

41 3016 73 3082 6.
96 3031 130 3076 o.
168 3015 224 3096 qui
242 3015 364 3076 Mediae
388 3015 614 3076 occidentalem
631 3028 752 3098 partem
771 3014 875 3078 versut
891 3017 1075 3077 Armeniam

39 3115 183 3177 babitare
218 3116 304 3180 dicit.
363 3117 397 3177 sl
431 3117 655 3199 Uphagenium
688 3119 720 3177 in
756 3119 891 3200 parergia
924 3115 1075 3178 historici·

39 3237 69 3300 p.
91 3234 174 3280 120.
194 3217 374 3288 audiamus,
401 3215 502 3298 Caspii
520 3215 540 3282 s.
557 3215 709 3299 Kapzaitii
727 3219 804 3278 olim
826 3238 972 3302 magnam
989 3216 1075 3278 Aliae

40 3332 163 3401 partem
183 3330 366 3380 tenuerunt.
387 3316 515 3403 (Strabo
535 3339 589 3383 rt.
611 3319 788 3398 Stephanus
805 3317 946 3400 p.l457.)
983 3317 1075 3394 Poly·

41 3419 94 3481 bio
113 3419 192 3502 (lib.
216 3417 293 3500 tn.)
316 3418 387 3480 snnt
403 3419 584 3500 Aspasracae.
623 3421 786 3500 Reliquiae
803 3420 869 3500 pall
884 3417 1075 3480 accelierunt

41 3524 155 3603 partim
181 3517 386 3592 anclrkiriie,
419 3522 531 3602 partim
556 3520 869 3604 lllrgia-llailakkia.
917 3519 1073 3600 Equidem

43 3621 217 3684 sententiae
239 3621 308 3684 eiua
329 3635 429 3702 partae
447 3623 581 3683 tuendae
598 3623 732 3682 minime
747 3621 944 3701 susceperim.
982 3619 1074 3678 Nilril

43 3724 202 3786 eiuemodi
227 3721 345 3784 habent
361 3723 471 3786 Strabo
486 3737 517 3784 et
533 3721 725 3806 Stephanus,
752 3737 784 3784 et
799 3721 924 3800 Polybii
942 3719 996 3780 lib.
1021 3741 1073 3780 ιο.

41 3845 106 3908 cap.
124 3834 186 3900 48.
208 3823 438 3908 (Schweigh.)
464 3823 840 3906 aspernatae-habitarum
862 3825 941 3882 intra
966 3820 1075 3884 Oxum

43 3939 74 3988 et
90 3929 250 3994 laxarten,
276 3945 372 4008 quem
393 3926 445 3984 ille
462 3927 544 3986 male
560 3944 617 4006 pro
631 3927 729 3985 Tanai
748 3923 860 3992 habet,
885 3925 980 4008 longe
1000 3923 1075 3983 hinc

43 4029 161 4092 remoti
178 4027 218 4090 acl
233 4027 432 4108 Scytbicum,
458 4045 553 4110 quem
574 4025 683 4090 Nosier
700 4022 783 4098 lacit,
812 4023 923 4088 linum.
