<?xml version="1.0" encoding="UTF-8"?>
<!DOCTYPE html PUBLIC "-//W3C//DTD XHTML 1.0 Transitional//EN"
    "http://www.w3.org/TR/xhtml1/DTD/xhtml1-transitional.dtd">
<html xmlns="http://www.w3.org/1999/xhtml" xml:lang="en" lang="en">
 <head>
  <title>
</title>
<meta http-equiv="Content-Type" content="text/html;charset=utf-8" />
  <meta name='ocr-system' content='tesseract 3.04.00' />
  <meta name='ocr-capabilities' content='ocr_page ocr_carea ocr_par ocr_line ocrx_word'/>
</head>
<body>
  <div class='ocr_page' id='page_1' title='image "./pomponiimelaede03melagoog_0107.png"; bbox 0 0 2748 4888; ppageno 0'>
   <div class='ocr_carea' id='block_1_1' title="bbox 139 423 1056 508">
    <p class='ocr_par' dir='ltr' id='par_1_1' title="bbox 139 423 1056 508">
     <span class='ocr_line' id='line_1_1' title="bbox 139 423 1056 508; baseline -0.003 -27"><span class='ocrx_word' id='word_1_1' title='bbox 139 423 194 481; x_wconf 80' lang='lat' dir='ltr'>ru</span> <span class='ocrx_word' id='word_1_2' title='bbox 220 423 360 482; x_wconf 79' lang='lat' dir='ltr'>eone.</span> <span class='ocrx_word' id='word_1_3' title='bbox 391 423 499 508; x_wconf 66' lang='lat' dir='ltr'>nnn.</span> <span class='ocrx_word' id='word_1_4' title='bbox 541 423 577 480; x_wconf 84' lang='lat' dir='ltr'>L.</span> <span class='ocrx_word' id='word_1_5' title='bbox 599 424 655 480; x_wconf 88' lang='lat'>111.</span> <span class='ocrx_word' id='word_1_6' title='bbox 699 424 804 482; x_wconf 88' lang='lat' dir='ltr'>c.1n.</span> <span class='ocrx_word' id='word_1_7' title='bbox 847 430 925 500; x_wconf 64' lang='grc' dir='ltr'>Μ.</span> <span class='ocrx_word' id='word_1_8' title='bbox 1015 447 1056 508; x_wconf 84' lang='lat'>99</span> 
     </span>
    </p>
   </div>
   <div class='ocr_carea' id='block_1_2' title="bbox 34 593 1055 884">
    <p class='ocr_par' dir='ltr' id='par_1_2' title="bbox 34 593 1055 884">
     <span class='ocr_line' id='line_1_2' title="bbox 34 593 1055 686; baseline 0.01 -29"><span class='ocrx_word' id='word_1_9' title='bbox 34 601 159 682; x_wconf 66' lang='lat' dir='ltr'>domgr.</span> <span class='ocrx_word' id='word_1_10' title='bbox 170 593 399 660; x_wconf 81' lang='lat' dir='ltr'>Deniredeicr.</span> <span class='ocrx_word' id='word_1_11' title='bbox 408 616 440 678; x_wconf 91' lang='lat' dir='ltr'>p.</span> <span class='ocrx_word' id='word_1_12' title='bbox 454 611 539 672; x_wconf 85' lang='lat'><strong>707.</strong></span> <span class='ocrx_word' id='word_1_13' title='bbox 565 596 678 659; x_wconf 87' lang='lat' dir='ltr'>Wedel</span> <span class='ocrx_word' id='word_1_14' title='bbox 694 597 727 658; x_wconf 90' lang='lat' dir='ltr'>in</span> <span class='ocrx_word' id='word_1_15' title='bbox 743 595 959 686; x_wconf 80' lang='lat' dir='ltr'>Abhandlung</span> <span class='ocrx_word' id='word_1_16' title='bbox 974 603 1055 668; x_wconf 85' lang='lat' dir='ltr'>iiber</span> 
     </span>
     <span class='ocr_line' id='line_1_3' title="bbox 39 695 1055 780; baseline 0.004 -16"><span class='ocrx_word' id='word_1_17' title='bbox 39 701 180 764; x_wconf 81' lang='lat' dir='ltr'>dietlrere</span> <span class='ocrx_word' id='word_1_18' title='bbox 194 697 460 762; x_wconf 76' lang='lat' dir='ltr'>Scaudinrriiche</span> <span class='ocrx_word' id='word_1_19' title='bbox 478 695 589 760; x_wconf 86' lang='lat' dir='ltr'>Gesch.</span> <span class='ocrx_word' id='word_1_20' title='bbox 610 717 642 780; x_wconf 90' lang='lat' dir='ltr'>p.</span> <span class='ocrx_word' id='word_1_21' title='bbox 658 707 707 780; x_wconf 70' lang='lat'>54</span> <span class='ocrx_word' id='word_1_22' title='bbox 724 698 786 780; x_wconf 83' lang='lat' dir='ltr'>sqq.</span> <span class='ocrx_word' id='word_1_23' title='bbox 826 701 948 763; x_wconf 88' lang='lat' dir='ltr'>Totum</span> <span class='ocrx_word' id='word_1_24' title='bbox 966 704 1055 770; x_wconf 89' lang='lat' dir='ltr'>hunc</span> 
     </span>
     <span class='ocr_line' id='line_1_4' title="bbox 37 799 1028 884; baseline 0.004 -18"><span class='ocrx_word' id='word_1_25' title='bbox 37 804 118 866; x_wconf 75' lang='lat' dir='ltr'>uun</span> <span class='ocrx_word' id='word_1_26' title='bbox 134 803 244 864; x_wconf 82' lang='lat' dir='ltr'>locutu</span> <span class='ocrx_word' id='word_1_27' title='bbox 258 801 371 863; x_wconf 75' lang='lat' dir='ltr'>iisdem</span> <span class='ocrx_word' id='word_1_28' title='bbox 386 819 486 884; x_wconf 80' lang='lat' dir='ltr'>paene</span> <span class='ocrx_word' id='word_1_29' title='bbox 501 799 608 862; x_wconf 76' lang='lat' dir='ltr'>verbio</span> <span class='ocrx_word' id='word_1_30' title='bbox 621 801 761 862; x_wconf 78' lang='lat' dir='ltr'>reddidit</span> <span class='ocrx_word' id='word_1_31' title='bbox 770 799 935 868; x_wconf 80' lang='lat' dir='ltr'>Boccatiue</span> <span class='ocrx_word' id='word_1_32' title='bbox 947 803 980 870; x_wconf 87' lang='lat' dir='ltr'>h.</span> <span class='ocrx_word' id='word_1_33' title='bbox 994 829 1028 870; x_wconf 86' lang='lat' dir='ltr'>v.</span> 
     </span>
    </p>
   </div>
   <div class='ocr_carea' id='block_1_3' title="bbox 31 1000 1053 1192">
    <p class='ocr_par' dir='ltr' id='par_1_3' title="bbox 31 1000 1053 1192">
     <span class='ocr_line' id='line_1_5' title="bbox 90 1000 1053 1088; baseline 0.009 -22"><span class='ocrx_word' id='word_1_34' title='bbox 90 1025 291 1087; x_wconf 80' lang='lat' dir='ltr'><em>nusquam</em></span> <span class='ocrx_word' id='word_1_35' title='bbox 324 1001 434 1083; x_wconf 83' lang='lat' dir='ltr'>tate)</span> <span class='ocrx_word' id='word_1_36' title='bbox 482 1000 767 1076; x_wconf 67' lang='lat' dir='ltr'>inmidorum.</span> <span class='ocrx_word' id='word_1_37' title='bbox 793 1025 888 1088; x_wconf 88' lang='lat' dir='ltr'>quem</span> <span class='ocrx_word' id='word_1_38' title='bbox 904 1009 1053 1075; x_wconf 69' lang='lat' dir='ltr'>Meland-</span> 
     </span>
     <span class='ocr_line' id='line_1_6' title="bbox 31 1103 909 1192; baseline 0.006 -22"><span class='ocrx_word' id='word_1_39' title='bbox 31 1109 123 1192; x_wconf 81' lang='lat' dir='ltr'>tingit.</span> <span class='ocrx_word' id='word_1_40' title='bbox 157 1107 275 1167; x_wconf 81' lang='lat' dir='ltr'>Letum</span> <span class='ocrx_word' id='word_1_41' title='bbox 293 1107 382 1168; x_wconf 86' lang='lat' dir='ltr'>eninr</span> <span class='ocrx_word' id='word_1_42' title='bbox 397 1103 440 1166; x_wconf 82' lang='lat' dir='ltr'>est</span> <span class='ocrx_word' id='word_1_43' title='bbox 455 1125 557 1176; x_wconf 82' lang='lat' dir='ltr'>mere,</span> <span class='ocrx_word' id='word_1_44' title='bbox 586 1105 605 1164; x_wconf 83' lang='lat' dir='ltr'>ir</span> <span class='ocrx_word' id='word_1_45' title='bbox 622 1105 701 1168; x_wconf 86' lang='lat' dir='ltr'>ultra</span> <span class='ocrx_word' id='word_1_46' title='bbox 718 1105 909 1190; x_wconf 83' lang='lat' dir='ltr'>process&#39;erie.</span> 
     </span>
    </p>
   </div>
   <div class='ocr_carea' id='block_1_4' title="bbox 26 1297 1057 1498">
    <p class='ocr_par' dir='ltr' id='par_1_4' title="bbox 26 1297 1057 1498">
     <span class='ocr_line' id='line_1_7' title="bbox 91 1297 1057 1400; baseline 0.006 -29"><span class='ocrx_word' id='word_1_47' title='bbox 91 1297 406 1399; x_wconf 79' lang='lat' dir='ltr'><em>transgressis)</em></span> <span class='ocrx_word' id='word_1_48' title='bbox 454 1303 634 1370; x_wconf 80' lang='lat' dir='ltr'>Anchersen</span> <span class='ocrx_word' id='word_1_49' title='bbox 658 1327 729 1392; x_wconf 83' lang='lat' dir='ltr'>pag.</span> <span class='ocrx_word' id='word_1_50' title='bbox 749 1323 828 1384; x_wconf 88' lang='lat' dir='ltr'>r7o.</span> <span class='ocrx_word' id='word_1_51' title='bbox 845 1331 872 1374; x_wconf 86' lang='lat' dir='ltr'>c.</span> <span class='ocrx_word' id='word_1_52' title='bbox 889 1313 910 1375; x_wconf 87' lang='grc'>1.</span> <span class='ocrx_word' id='word_1_53' title='bbox 933 1313 1057 1400; x_wconf 82' lang='lat' dir='ltr'>subplet</span> 
     </span>
     <span class='ocr_line' id='line_1_8' title="bbox 26 1409 1056 1498; baseline 0.005 -25"><span class='ocrx_word' id='word_1_54' title='bbox 26 1413 125 1474; x_wconf 69' lang='lat' dir='ltr'>litero.</span> <span class='ocrx_word' id='word_1_55' title='bbox 164 1411 323 1490; x_wconf 84' lang='lat' dir='ltr'>Equidem</span> <span class='ocrx_word' id='word_1_56' title='bbox 345 1410 605 1492; x_wconf 83' lang='lat' dir='ltr'>meliueputem‚</span> <span class='ocrx_word' id='word_1_57' title='bbox 635 1413 673 1470; x_wconf 81' lang='lat' dir='ltr'>td</span> <span class='ocrx_word' id='word_1_58' title='bbox 697 1409 809 1474; x_wconf 80' lang='lat' dir='ltr'>insutas</span> <span class='ocrx_word' id='word_1_59' title='bbox 830 1412 954 1486; x_wconf 83' lang='lat' dir='ltr'>referri,</span> <span class='ocrx_word' id='word_1_60' title='bbox 983 1438 1056 1498; x_wconf 80' lang='lat' dir='ltr'>qua·</span> 
     </span>
    </p>
   </div>
   <div class='ocr_carea' id='block_1_5' title="bbox 25 1508 1063 2594">
    <p class='ocr_par' dir='ltr' id='par_1_5' title="bbox 25 1508 1063 2594">
     <span class='ocr_line' id='line_1_9' title="bbox 26 1508 1057 1588; baseline -0.006 -14"><span class='ocrx_word' id='word_1_61' title='bbox 26 1535 90 1574; x_wconf 85' lang='lat' dir='ltr'>rum</span> <span class='ocrx_word' id='word_1_62' title='bbox 105 1512 282 1573; x_wconf 87' lang='lat' dir='ltr'>multitudo</span> <span class='ocrx_word' id='word_1_63' title='bbox 299 1524 332 1570; x_wconf 88' lang='lat' dir='ltr'>et</span> <span class='ocrx_word' id='word_1_64' title='bbox 347 1509 452 1578; x_wconf 74' lang='lat' dir='ltr'>brevis</span> <span class='ocrx_word' id='word_1_65' title='bbox 472 1509 615 1572; x_wconf 77' lang='lat' dir='ltr'>‹iiiiantia</span> <span class='ocrx_word' id='word_1_66' title='bbox 632 1508 715 1581; x_wconf 81' lang='lat' dir='ltr'>iacit,</span> <span class='ocrx_word' id='word_1_67' title='bbox 735 1526 771 1572; x_wconf 93' lang='lat' dir='ltr'>ut</span> <span class='ocrx_word' id='word_1_68' title='bbox 785 1534 868 1577; x_wconf 81' lang='lat' dir='ltr'>mere</span> <span class='ocrx_word' id='word_1_69' title='bbox 885 1515 958 1588; x_wconf 85' lang='lat' dir='ltr'>hoc,</span> <span class='ocrx_word' id='word_1_70' title='bbox 975 1520 1057 1582; x_wconf 70' lang='lat' dir='ltr'>divi.</span> 
     </span>
     <span class='ocr_line' id='line_1_10' title="bbox 25 1611 1058 1698; baseline 0.007 -22"><span class='ocrx_word' id='word_1_71' title='bbox 25 1614 85 1676; x_wconf 85' lang='lat' dir='ltr'>ium</span> <span class='ocrx_word' id='word_1_72' title='bbox 101 1612 204 1698; x_wconf 80' lang='lat' dir='ltr'>[repe.</span> <span class='ocrx_word' id='word_1_73' title='bbox 219 1612 322 1672; x_wconf 81' lang='lat' dir='ltr'>amnis</span> <span class='ocrx_word' id='word_1_74' title='bbox 334 1611 467 1693; x_wconf 83' lang='lat' dir='ltr'>speciem</span> <span class='ocrx_word' id='word_1_75' title='bbox 483 1611 626 1694; x_wconf 82' lang='lat' dir='ltr'>praebeat</span> <span class='ocrx_word' id='word_1_76' title='bbox 644 1613 676 1673; x_wconf 89' lang='lat' dir='ltr'>in</span> <span class='ocrx_word' id='word_1_77' title='bbox 695 1615 731 1676; x_wconf 80' lang='lat' dir='ltr'>iic</span> <span class='ocrx_word' id='word_1_78' title='bbox 746 1616 896 1697; x_wconf 76' lang='lat' dir='ltr'>pertibus.</span> <span class='ocrx_word' id='word_1_79' title='bbox 935 1619 1004 1682; x_wconf 87' lang='lat' dir='ltr'>Nec</span> <span class='ocrx_word' id='word_1_80' title='bbox 1018 1620 1058 1683; x_wconf 81' lang='lat' dir='ltr'>ed</span> 
     </span>
     <span class='ocr_line' id='line_1_11' title="bbox 26 1713 1057 1799; baseline 0.005 -23"><span class='ocrx_word' id='word_1_81' title='bbox 26 1718 169 1799; x_wconf 75' lang='lat' dir='ltr'>gremium</span> <span class='ocrx_word' id='word_1_82' title='bbox 194 1713 296 1796; x_wconf 78' lang='lat' dir='ltr'>potest</span> <span class='ocrx_word' id='word_1_83' title='bbox 324 1715 499 1796; x_wconf 82' lang='lat' dir='ltr'>pertinere,</span> <span class='ocrx_word' id='word_1_84' title='bbox 532 1715 618 1795; x_wconf 89' lang='lat' dir='ltr'>qnod</span> <span class='ocrx_word' id='word_1_85' title='bbox 646 1717 832 1777; x_wconf 81' lang='lat' dir='ltr'>adiunctum</span> <span class='ocrx_word' id='word_1_86' title='bbox 854 1718 912 1788; x_wconf 80' lang='lat' dir='ltr'>eu,</span> <span class='ocrx_word' id='word_1_87' title='bbox 945 1717 994 1783; x_wconf 86' lang='lat' dir='ltr'>sed</span> <span class='ocrx_word' id='word_1_88' title='bbox 1017 1721 1057 1784; x_wconf 79' lang='lat' dir='ltr'>ed</span> 
     </span>
     <span class='ocr_line' id='line_1_12' title="bbox 26 1815 1059 1906; baseline 0.008 -30"><span class='ocrx_word' id='word_1_89' title='bbox 26 1820 247 1900; x_wconf 74' lang='lat' dir='ltr'>praecipuum,</span> <span class='ocrx_word' id='word_1_90' title='bbox 273 1817 360 1896; x_wconf 90' lang='lat' dir='ltr'>quod</span> <span class='ocrx_word' id='word_1_91' title='bbox 376 1815 419 1877; x_wconf 84' lang='lat' dir='ltr'>eo</span> <span class='ocrx_word' id='word_1_92' title='bbox 437 1836 531 1878; x_wconf 84' lang='lat' dir='ltr'>mare.</span> <span class='ocrx_word' id='word_1_93' title='bbox 575 1816 632 1876; x_wconf 81' lang='lat' dir='ltr'>illa</span> <span class='ocrx_word' id='word_1_94' title='bbox 652 1817 747 1878; x_wconf 82' lang='lat' dir='ltr'>etiam</span> <span class='ocrx_word' id='word_1_95' title='bbox 764 1819 859 1881; x_wconf 82' lang='lat' dir='ltr'>verba</span> <span class='ocrx_word' id='word_1_96' title='bbox 877 1821 957 1883; x_wconf 85' lang='lat' dir='ltr'>rneie</span> <span class='ocrx_word' id='word_1_97' title='bbox 973 1825 1059 1906; x_wconf 86' lang='lat' dir='ltr'>cepit</span> 
     </span>
     <span class='ocr_line' id='line_1_13' title="bbox 27 1915 1060 2004; baseline 0.007 -24"><span class='ocrx_word' id='word_1_98' title='bbox 27 1920 152 1984; x_wconf 83' lang='lat' dir='ltr'>Cluver.</span> <span class='ocrx_word' id='word_1_99' title='bbox 174 1938 208 2000; x_wconf 90' lang='lat' dir='ltr'>p.</span> <span class='ocrx_word' id='word_1_100' title='bbox 226 1919 312 1994; x_wconf 83' lang='lat'><strong>650.</strong></span> <span class='ocrx_word' id='word_1_101' title='bbox 338 1917 394 1999; x_wconf 90' lang='lat' dir='ltr'>qui</span> <span class='ocrx_word' id='word_1_102' title='bbox 415 1915 555 1979; x_wconf 80' lang='lat' dir='ltr'>tbioiute</span> <span class='ocrx_word' id='word_1_103' title='bbox 567 1917 731 1986; x_wconf 83' lang='lat' dir='ltr'>‚intellexit</span> <span class='ocrx_word' id='word_1_104' title='bbox 746 1940 817 1980; x_wconf 82' lang='lat' dir='ltr'>acre</span> <span class='ocrx_word' id='word_1_105' title='bbox 837 1942 923 1981; x_wconf 84' lang='lat' dir='ltr'>mare</span> <span class='ocrx_word' id='word_1_106' title='bbox 942 1925 1060 2004; x_wconf 77' lang='lat' dir='ltr'>gremio</span> 
     </span>
     <span class='ocr_line' id='line_1_14' title="bbox 26 2017 1059 2101; baseline 0.004 -18"><span class='ocrx_word' id='word_1_107' title='bbox 26 2023 149 2083; x_wconf 74' lang='lat' dir='ltr'>litorum</span> <span class='ocrx_word' id='word_1_108' title='bbox 167 2021 290 2098; x_wconf 79' lang='lat' dir='ltr'>accipi,</span> <span class='ocrx_word' id='word_1_109' title='bbox 324 2019 465 2100; x_wconf 81' lang='lat' dir='ltr'>dixitque</span> <span class='ocrx_word' id='word_1_110' title='bbox 486 2017 585 2094; x_wconf 80' lang='lat' dir='ltr'>eden,</span> <span class='ocrx_word' id='word_1_111' title='bbox 614 2017 733 2101; x_wconf 82' lang='lat' dir='ltr'>ieepiue</span> <span class='ocrx_word' id='word_1_112' title='bbox 751 2023 854 2083; x_wconf 88' lang='lat' dir='ltr'>emitti</span> <span class='ocrx_word' id='word_1_113' title='bbox 872 2023 962 2084; x_wconf 80' lang='lat' dir='ltr'>cursu</span> <span class='ocrx_word' id='word_1_114' title='bbox 985 2027 1059 2100; x_wconf 78' lang='lat' dir='ltr'>acri,</span> 
     </span>
     <span class='ocr_line' id='line_1_15' title="bbox 27 2120 1060 2204; baseline 0.006 -20"><span class='ocrx_word' id='word_1_115' title='bbox 27 2139 58 2184; x_wconf 86' lang='lat' dir='ltr'>ut</span> <span class='ocrx_word' id='word_1_116' title='bbox 80 2141 183 2185; x_wconf 77' lang='lat' dir='ltr'>naves</span> <span class='ocrx_word' id='word_1_117' title='bbox 207 2139 299 2204; x_wconf 78' lang='lat' dir='ltr'>aegre</span> <span class='ocrx_word' id='word_1_118' title='bbox 320 2133 428 2181; x_wconf 80' lang='lat' dir='ltr'>contre</span> <span class='ocrx_word' id='word_1_119' title='bbox 450 2120 580 2181; x_wconf 86' lang='lat' dir='ltr'>tendere</span> <span class='ocrx_word' id='word_1_120' title='bbox 603 2135 728 2202; x_wconf 77' lang='lat' dir='ltr'>queant.</span> <span class='ocrx_word' id='word_1_121' title='bbox 787 2121 902 2187; x_wconf 73' lang='lat' dir='ltr'>sentus</span> <span class='ocrx_word' id='word_1_122' title='bbox 924 2129 1060 2190; x_wconf 84' lang='lat' dir='ltr'>omnino</span> 
     </span>
     <span class='ocr_line' id='line_1_16' title="bbox 25 2219 1062 2310; baseline 0.001 -22"><span class='ocrx_word' id='word_1_123' title='bbox 25 2225 79 2288; x_wconf 83' lang='lat' dir='ltr'>est:</span> <span class='ocrx_word' id='word_1_124' title='bbox 122 2225 230 2307; x_wconf 82' lang='lat' dir='ltr'>Igitur</span> <span class='ocrx_word' id='word_1_125' title='bbox 255 2223 350 2284; x_wconf 81' lang='lat' dir='ltr'>etiem</span> <span class='ocrx_word' id='word_1_126' title='bbox 376 2238 462 2282; x_wconf 81' lang='lat' dir='ltr'>mare</span> <span class='ocrx_word' id='word_1_127' title='bbox 489 2219 595 2282; x_wconf 76' lang='lat' dir='ltr'>versut</span> <span class='ocrx_word' id='word_1_128' title='bbox 621 2221 722 2283; x_wconf 86' lang='lat' dir='ltr'>finum</span> <span class='ocrx_word' id='word_1_129' title='bbox 749 2221 935 2297; x_wconf 77' lang='lat' dir='ltr'>Codanum,</span> <span class='ocrx_word' id='word_1_130' title='bbox 961 2249 1062 2310; x_wconf 87' lang='lat' dir='ltr'>quem</span> 
     </span>
     <span class='ocr_line' id='line_1_17' title="bbox 26 2321 1062 2412; baseline 0.005 -24"><span class='ocrx_word' id='word_1_131' title='bbox 26 2325 93 2389; x_wconf 71' lang='lat' dir='ltr'>iecit</span> <span class='ocrx_word' id='word_1_132' title='bbox 110 2325 194 2386; x_wconf 88' lang='lat' dir='ltr'>illud</span> <span class='ocrx_word' id='word_1_133' title='bbox 214 2342 312 2394; x_wconf 83' lang='lat' dir='ltr'>mere,</span> <span class='ocrx_word' id='word_1_134' title='bbox 341 2321 378 2384; x_wconf 84' lang='lat' dir='ltr'>ic.</span> <span class='ocrx_word' id='word_1_135' title='bbox 399 2322 634 2392; x_wconf 78' lang='lat' dir='ltr'>Germanicum,</span> <span class='ocrx_word' id='word_1_136' title='bbox 666 2325 698 2384; x_wconf 91' lang='lat' dir='ltr'>in</span> <span class='ocrx_word' id='word_1_137' title='bbox 715 2343 754 2386; x_wconf 90' lang='lat' dir='ltr'>eo</span> <span class='ocrx_word' id='word_1_138' title='bbox 771 2323 835 2406; x_wconf 84' lang='lat' dir='ltr'>ipso</span> <span class='ocrx_word' id='word_1_139' title='bbox 850 2326 916 2387; x_wconf 76' lang='lat' dir='ltr'>sinu</span> <span class='ocrx_word' id='word_1_140' title='bbox 933 2345 1062 2412; x_wconf 89' lang='lat' dir='ltr'>propter</span> 
     </span>
     <span class='ocr_line' id='line_1_18' title="bbox 25 2423 1063 2514; baseline 0.006 -25"><span class='ocrx_word' id='word_1_141' title='bbox 25 2429 137 2490; x_wconf 81' lang='lat' dir='ltr'>infulae</span> <span class='ocrx_word' id='word_1_142' title='bbox 162 2445 275 2508; x_wconf 84' lang='lat' dir='ltr'>parum</span> <span class='ocrx_word' id='word_1_143' title='bbox 294 2424 439 2487; x_wconf 80' lang='lat' dir='ltr'>distentet</span> <span class='ocrx_word' id='word_1_144' title='bbox 461 2424 487 2484; x_wconf 93' lang='lat' dir='ltr'>it</span> <span class='ocrx_word' id='word_1_145' title='bbox 506 2423 665 2487; x_wconf 81' lang='lat' dir='ltr'>divulsum</span> <span class='ocrx_word' id='word_1_146' title='bbox 683 2437 715 2488; x_wconf 92' lang='lat' dir='ltr'>et</span> <span class='ocrx_word' id='word_1_147' title='bbox 734 2425 811 2488; x_wconf 87' lang='lat' dir='ltr'>hinc</span> <span class='ocrx_word' id='word_1_148' title='bbox 830 2429 994 2514; x_wconf 78' lang='lat' dir='ltr'>angustum</span> <span class='ocrx_word' id='word_1_149' title='bbox 1010 2431 1063 2505; x_wconf 81' lang='lat' dir='ltr'>est,</span> 
     </span>
     <span class='ocr_line' id='line_1_19' title="bbox 26 2527 463 2594; baseline -0.014 0"><span class='ocrx_word' id='word_1_150' title='bbox 26 2531 93 2594; x_wconf 82' lang='lat' dir='ltr'>ireti</span> <span class='ocrx_word' id='word_1_151' title='bbox 113 2529 213 2590; x_wconf 77' lang='lat' dir='ltr'>indat</span> <span class='ocrx_word' id='word_1_152' title='bbox 234 2527 287 2590; x_wconf 84' lang='lat' dir='ltr'>vel</span> <span class='ocrx_word' id='word_1_153' title='bbox 309 2527 463 2588; x_wconf 83' lang='lat' dir='ltr'>emnium.</span> 
     </span>
    </p>
   </div>
   <div class='ocr_carea' id='block_1_6' title="bbox 24 2724 1069 3121">
    <p class='ocr_par' dir='ltr' id='par_1_6' title="bbox 24 2724 1069 3121">
     <span class='ocr_line' id='line_1_20' title="bbox 62 2724 1063 2823; baseline 0.001 -31"><span class='ocrx_word' id='word_1_154' title='bbox 62 2775 73 2798; x_wconf 85' lang='lat'><strong>.</strong></span> <span class='ocrx_word' id='word_1_155' title='bbox 89 2724 248 2823; x_wconf 83' lang='lat' dir='ltr'>facie)</span> <span class='ocrx_word' id='word_1_156' title='bbox 286 2729 313 2792; x_wconf 89' lang='lat'>1.</span> <span class='ocrx_word' id='word_1_157' title='bbox 329 2749 357 2792; x_wconf 88' lang='lat' dir='ltr'>e.</span> <span class='ocrx_word' id='word_1_158' title='bbox 374 2727 482 2800; x_wconf 82' lang='lat' dir='ltr'>iussrr,</span> <span class='ocrx_word' id='word_1_159' title='bbox 506 2741 543 2790; x_wconf 87' lang='lat' dir='ltr'>ut</span> <span class='ocrx_word' id='word_1_160' title='bbox 561 2727 658 2812; x_wconf 84' lang='lat' dir='ltr'>ieepe.</span> <span class='ocrx_word' id='word_1_161' title='bbox 699 2727 904 2810; x_wconf 79' lang='lat' dir='ltr'>cf.e‚1‚5.</span> <span class='ocrx_word' id='word_1_162' title='bbox 931 2747 1063 2816; x_wconf 56' lang='lat' dir='ltr'>mma.</span> 
     </span>
     <span class='ocr_line' id='line_1_21' title="bbox 26 2829 1065 2918; baseline 0.004 -20"><span class='ocrx_word' id='word_1_163' title='bbox 26 2848 57 2898; x_wconf 87' lang='lat' dir='ltr'>et</span> <span class='ocrx_word' id='word_1_164' title='bbox 71 2848 182 2897; x_wconf 76' lang='lat' dir='ltr'>notate</span> <span class='ocrx_word' id='word_1_165' title='bbox 200 2831 240 2892; x_wconf 82' lang='lat' dir='ltr'>ad</span> <span class='ocrx_word' id='word_1_166' title='bbox 260 2849 288 2900; x_wconf 88' lang='lat' dir='ltr'>r,</span> <span class='ocrx_word' id='word_1_167' title='bbox 312 2845 366 2906; x_wconf 84' lang='lat'>17.</span> <span class='ocrx_word' id='word_1_168' title='bbox 386 2845 419 2910; x_wconf 75' lang='grc'>3.</span> <span class='ocrx_word' id='word_1_169' title='bbox 451 2831 503 2892; x_wconf 87' lang='lat' dir='ltr'>Sic</span> <span class='ocrx_word' id='word_1_170' title='bbox 519 2831 677 2893; x_wconf 69' lang='lat' dir='ltr'>Sallustius</span> <span class='ocrx_word' id='word_1_171' title='bbox 696 2833 728 2892; x_wconf 89' lang='lat' dir='ltr'>in</span> <span class='ocrx_word' id='word_1_172' title='bbox 745 2829 856 2918; x_wconf 76' lang='lat' dir='ltr'>fragm.</span> <span class='ocrx_word' id='word_1_173' title='bbox 875 2835 943 2899; x_wconf 83' lang='lat' dir='ltr'>hist.</span> <span class='ocrx_word' id='word_1_174' title='bbox 960 2836 1014 2900; x_wconf 90' lang='lat' dir='ltr'>iib.</span> <span class='ocrx_word' id='word_1_175' title='bbox 1031 2852 1065 2902; x_wconf 71' lang='grc' dir='ltr'>Ω.</span> 
     </span>
     <span class='ocr_line' id='line_1_22' title="bbox 24 2923 1069 3026; baseline 0.005 -29"><span class='ocrx_word' id='word_1_176' title='bbox 24 2941 68 2999; x_wconf 85' lang='lat' dir='ltr'>iu.</span> <span class='ocrx_word' id='word_1_177' title='bbox 93 2939 135 2996; x_wconf 88' lang='lat' dir='ltr'>de</span> <span class='ocrx_word' id='word_1_178' title='bbox 163 2935 227 2996; x_wconf 86' lang='lat' dir='ltr'>iitu</span> <span class='ocrx_word' id='word_1_179' title='bbox 248 2931 426 2996; x_wconf 72' lang='lat' dir='ltr'>Sardiniae:</span> <span class='ocrx_word' id='word_1_180' title='bbox 455 2923 550 3024; x_wconf 82' lang='lat' dir='ltr'>facie</span> <span class='ocrx_word' id='word_1_181' title='bbox 580 2930 706 3026; x_wconf 81' lang='lat' dir='ltr'>vestigii</span> <span class='ocrx_word' id='word_1_182' title='bbox 733 2933 864 2996; x_wconf 64' lang='lat' dir='ltr'>turiani</span> <span class='ocrx_word' id='word_1_183' title='bbox 891 2940 1069 3018; x_wconf 73' lang='lat' dir='ltr'>prominet:</span> 
     </span>
     <span class='ocr_line' id='line_1_23' title="bbox 24 3040 154 3121; baseline 0.008 -21"><span class='ocrx_word' id='word_1_184' title='bbox 24 3040 154 3121; x_wconf 66' lang='lat' dir='ltr'>diique.</span> 
     </span>
    </p>
   </div>
   <div class='ocr_carea' id='block_1_7' title="bbox 20 3235 1074 4024">
    <p class='ocr_par' dir='ltr' id='par_1_7' title="bbox 20 3235 1074 4024">
     <span class='ocr_line' id='line_1_24' title="bbox 95 3235 1067 3325; baseline 0.001 -22"><span class='ocrx_word' id='word_1_185' title='bbox 95 3237 267 3321; x_wconf 80' lang='lat' dir='ltr'>litora)</span> <span class='ocrx_word' id='word_1_186' title='bbox 318 3237 464 3300; x_wconf 88' lang='lat' dir='ltr'>Omnino</span> <span class='ocrx_word' id='word_1_187' title='bbox 490 3235 573 3299; x_wconf 88' lang='lat' dir='ltr'>bene</span> <span class='ocrx_word' id='word_1_188' title='bbox 596 3251 709 3299; x_wconf 88' lang='lat' dir='ltr'>monet</span> <span class='ocrx_word' id='word_1_189' title='bbox 731 3238 911 3304; x_wconf 86' lang='lat' dir='ltr'>duchetien</span> <span class='ocrx_word' id='word_1_190' title='bbox 932 3261 966 3325; x_wconf 89' lang='lat' dir='ltr'>p.</span> <span class='ocrx_word' id='word_1_191' title='bbox 987 3255 1067 3317; x_wconf 83' lang='lat'><strong>²7¹·</strong></span> 
     </span>
     <span class='ocr_line' id='line_1_25' title="bbox 21 3338 1070 3422; baseline 0.001 -18"><span class='ocrx_word' id='word_1_192' title='bbox 21 3343 243 3407; x_wconf 78' lang='lat' dir='ltr'>dieccruendu</span> <span class='ocrx_word' id='word_1_193' title='bbox 267 3339 326 3402; x_wconf 86' lang='lat' dir='ltr'>eise</span> <span class='ocrx_word' id='word_1_194' title='bbox 348 3341 442 3402; x_wconf 82' lang='lat' dir='ltr'>verba</span> <span class='ocrx_word' id='word_1_195' title='bbox 466 3338 562 3400; x_wconf 83' lang='lat' dir='ltr'>litora</span> <span class='ocrx_word' id='word_1_196' title='bbox 581 3353 614 3399; x_wconf 92' lang='lat' dir='ltr'>et</span> <span class='ocrx_word' id='word_1_197' title='bbox 637 3341 734 3418; x_wconf 80' lang='lat' dir='ltr'>ripae.</span> <span class='ocrx_word' id='word_1_198' title='bbox 773 3343 844 3404; x_wconf 90' lang='lat' dir='ltr'>Vid.</span> <span class='ocrx_word' id='word_1_199' title='bbox 862 3343 899 3404; x_wconf 82' lang='lat' dir='ltr'>ad</span> <span class='ocrx_word' id='word_1_200' title='bbox 921 3357 953 3420; x_wconf 83' lang='lat'>3.</span> <span class='ocrx_word' id='word_1_201' title='bbox 978 3359 1012 3422; x_wconf 85' lang='lat'>9,</span> <span class='ocrx_word' id='word_1_202' title='bbox 1036 3357 1070 3418; x_wconf 84' lang='lat'>3.</span> 
     </span>
     <span class='ocr_line' id='line_1_26' title="bbox 21 3439 1069 3528; baseline -0.001 -22"><span class='ocrx_word' id='word_1_203' title='bbox 21 3443 88 3528; x_wconf 78' lang='lat' dir='ltr'>lpse</span> <span class='ocrx_word' id='word_1_204' title='bbox 115 3445 165 3505; x_wconf 87' lang='lat' dir='ltr'>iic</span> <span class='ocrx_word' id='word_1_205' title='bbox 186 3442 341 3524; x_wconf 81' lang='lat' dir='ltr'>explicet:</span> <span class='ocrx_word' id='word_1_206' title='bbox 374 3441 491 3502; x_wconf 81' lang='lat' dir='ltr'>Litore</span> <span class='ocrx_word' id='word_1_207' title='bbox 514 3439 584 3501; x_wconf 79' lang='lat' dir='ltr'>[unt</span> <span class='ocrx_word' id='word_1_208' title='bbox 605 3441 791 3504; x_wconf 77' lang='lat' dir='ltr'>humiliores</span> <span class='ocrx_word' id='word_1_209' title='bbox 810 3463 882 3505; x_wconf 81' lang='lat' dir='ltr'>orne</span> <span class='ocrx_word' id='word_1_210' title='bbox 898 3441 1069 3505; x_wconf 78' lang='lat' dir='ltr'>insularum</span> 
     </span>
     <span class='ocr_line' id='line_1_27' title="bbox 21 3543 1071 3627; baseline 0 -19"><span class='ocrx_word' id='word_1_211' title='bbox 21 3549 223 3609; x_wconf 83' lang='lat' dir='ltr'>Teutonum</span> <span class='ocrx_word' id='word_1_212' title='bbox 250 3543 508 3604; x_wconf 79' lang='lat' dir='ltr'>interlabentium</span> <span class='ocrx_word' id='word_1_213' title='bbox 533 3557 626 3624; x_wconf 83' lang='lat' dir='ltr'>etque</span> <span class='ocrx_word' id='word_1_214' title='bbox 654 3544 815 3604; x_wconf 87' lang='lat' dir='ltr'>interdum</span> <span class='ocrx_word' id='word_1_215' title='bbox 840 3543 1071 3627; x_wconf 67' lang='lat' dir='ltr'>superantium</span> 
     </span>
     <span class='ocr_line' id='line_1_28' title="bbox 21 3645 1072 3730; baseline 0 -22"><span class='ocrx_word' id='word_1_216' title='bbox 21 3649 111 3730; x_wconf 83' lang='lat' dir='ltr'>ripae</span> <span class='ocrx_word' id='word_1_217' title='bbox 132 3648 270 3708; x_wconf 71' lang='lat' dir='ltr'>altiores</span> <span class='ocrx_word' id='word_1_218' title='bbox 286 3659 320 3707; x_wconf 88' lang='lat' dir='ltr'>et</span> <span class='ocrx_word' id='word_1_219' title='bbox 341 3655 519 3727; x_wconf 76' lang='lat' dir='ltr'>praeruptae</span> <span class='ocrx_word' id='word_1_220' title='bbox 535 3663 641 3704; x_wconf 84' lang='lat' dir='ltr'>earum</span> <span class='ocrx_word' id='word_1_221' title='bbox 660 3647 835 3726; x_wconf 78' lang='lat' dir='ltr'>crepidines</span> <span class='ocrx_word' id='word_1_222' title='bbox 852 3645 1022 3707; x_wconf 81' lang='lat' dir='ltr'>secantium</span> <span class='ocrx_word' id='word_1_223' title='bbox 1040 3661 1072 3708; x_wconf 92' lang='lat' dir='ltr'>et</span> 
     </span>
     <span class='ocr_line' id='line_1_29' title="bbox 20 3743 1073 3832; baseline 0.001 -24"><span class='ocrx_word' id='word_1_224' title='bbox 20 3747 354 3829; x_wconf 76' lang='lat' dir='ltr'>interrumpendum.</span> <span class='ocrx_word' id='word_1_225' title='bbox 404 3746 562 3828; x_wconf 84' lang='lat' dir='ltr'>Equidem</span> <span class='ocrx_word' id='word_1_226' title='bbox 581 3743 699 3806; x_wconf 82' lang='lat' dir='ltr'>senium</span> <span class='ocrx_word' id='word_1_227' title='bbox 720 3746 805 3806; x_wconf 89' lang='lat' dir='ltr'>hunc</span> <span class='ocrx_word' id='word_1_228' title='bbox 824 3745 972 3809; x_wconf 82' lang='lat' dir='ltr'>subiiciot</span> <span class='ocrx_word' id='word_1_229' title='bbox 1000 3747 1073 3832; x_wconf 85' lang='lat' dir='ltr'>Qua</span> 
     </span>
     <span class='ocr_line' id='line_1_30' title="bbox 20 3846 1073 3932; baseline -0.004 -17"><span class='ocrx_word' id='word_1_230' title='bbox 20 3865 143 3915; x_wconf 80' lang='lat' dir='ltr'>terrem</span> <span class='ocrx_word' id='word_1_231' title='bbox 172 3849 329 3932; x_wconf 78' lang='lat' dir='ltr'>adtingit,</span> <span class='ocrx_word' id='word_1_232' title='bbox 362 3846 419 3908; x_wconf 90' lang='lat' dir='ltr'>ubi</span> <span class='ocrx_word' id='word_1_233' title='bbox 441 3847 514 3908; x_wconf 84' lang='lat' dir='ltr'>funt</span> <span class='ocrx_word' id='word_1_234' title='bbox 536 3847 662 3928; x_wconf 86' lang='lat' dir='ltr'>proprie</span> <span class='ocrx_word' id='word_1_235' title='bbox 684 3849 791 3918; x_wconf 81' lang='lat' dir='ltr'>litora,</span> <span class='ocrx_word' id='word_1_236' title='bbox 819 3849 852 3908; x_wconf 90' lang='lat' dir='ltr'>in</span> <span class='ocrx_word' id='word_1_237' title='bbox 875 3849 987 3930; x_wconf 83' lang='lat' dir='ltr'>prirnie</span> <span class='ocrx_word' id='word_1_238' title='bbox 1010 3848 1073 3912; x_wconf 88' lang='lat' dir='ltr'>hoc</span> 
     </span>
     <span class='ocr_line' id='line_1_31' title="bbox 22 3947 1074 4024; baseline -0.008 -6"><span class='ocrx_word' id='word_1_239' title='bbox 22 3957 164 4024; x_wconf 78' lang='lat' dir='ltr'>recidit,</span> <span class='ocrx_word' id='word_1_240' title='bbox 192 3965 230 4012; x_wconf 86' lang='lat' dir='ltr'>ut</span> <span class='ocrx_word' id='word_1_241' title='bbox 251 3961 421 4012; x_wconf 78' lang='lat' dir='ltr'>coartetur.</span> <span class='ocrx_word' id='word_1_242' title='bbox 474 3947 597 4010; x_wconf 79' lang='lat' dir='ltr'>intutae</span> <span class='ocrx_word' id='word_1_243' title='bbox 613 3950 700 4008; x_wconf 88' lang='lat' dir='ltr'>enirn</span> <span class='ocrx_word' id='word_1_244' title='bbox 716 3948 762 4009; x_wconf 90' lang='lat' dir='ltr'>ibi</span> <span class='ocrx_word' id='word_1_245' title='bbox 782 3951 904 4010; x_wconf 83' lang='lat' dir='ltr'>vicinae</span> <span class='ocrx_word' id='word_1_246' title='bbox 922 3949 1074 4021; x_wconf 78' lang='lat' dir='ltr'>adiacent,</span> 
     </span>
    </p>
   </div>
   <div class='ocr_carea' id='block_1_8' title="bbox 23 4047 1076 4214">
    <p class='ocr_par' dir='ltr' id='par_1_8' title="bbox 23 4047 1076 4214">
     <span class='ocr_line' id='line_1_32' title="bbox 23 4047 1076 4143; baseline -0.004 -26"><span class='ocrx_word' id='word_1_247' title='bbox 23 4075 99 4138; x_wconf 70' lang='lat' dir='ltr'>que</span> <span class='ocrx_word' id='word_1_248' title='bbox 127 4065 271 4143; x_wconf 85' lang='lat' dir='ltr'>propter</span> <span class='ocrx_word' id='word_1_249' title='bbox 293 4053 499 4116; x_wconf 81' lang='lat' dir='ltr'>altitudinem</span> <span class='ocrx_word' id='word_1_250' title='bbox 523 4051 599 4133; x_wconf 87' lang='lat' dir='ltr'>ripie</span> <span class='ocrx_word' id='word_1_251' title='bbox 618 4047 679 4111; x_wconf 82' lang='lat' dir='ltr'>[uir</span> <span class='ocrx_word' id='word_1_252' title='bbox 700 4051 778 4112; x_wconf 88' lang='lat' dir='ltr'>illud</span> <span class='ocrx_word' id='word_1_253' title='bbox 798 4071 883 4115; x_wconf 79' lang='lat' dir='ltr'>ruere</span> <span class='ocrx_word' id='word_1_254' title='bbox 906 4053 1076 4116; x_wconf 83' lang='lat' dir='ltr'>continent</span> 
     </span>
     <span class='ocr_line' id='line_1_33' title="bbox 667 4151 746 4214; baseline 0.013 -1"><span class='ocrx_word' id='word_1_255' title='bbox 667 4151 697 4213; x_wconf 82' lang='lat' dir='ltr'>G</span> <span class='ocrx_word' id='word_1_256' title='bbox 727 4167 746 4214; x_wconf 77' lang='lat' dir='ltr'>r.</span> 
     </span>
    </p>
   </div>
   <div class='ocr_carea' id='block_1_9' title="bbox 0 0 1381 4888">
    <p class='ocr_par' dir='ltr' id='par_1_9' title="bbox 0 0 1381 4888">
     <span class='ocr_line' id='line_1_34' title="bbox 0 0 1381 4888; baseline 0 0"><span class='ocrx_word' id='word_1_257' title='bbox 0 0 1381 4888; x_wconf 95' lang='lat' dir='ltr'> </span> 
     </span>
    </p>
   </div>
  </div>
 </body>
</html>
