2696 4896
276 343 339 410 tte
541 297 710 393 'noran
749 331 1048 394 exaccrrcae

272 505 485 572 narrationem
508 505 548 568 de
565 521 701 591 utroque
721 509 821 572 fluvio
842 507 981 572 reddidit
997 501 1157 569 Boccetine
1179 499 1226 562 de

140 593 145 602 ’
272 607 414 672 minibus
433 603 452 668 i.
464 627 496 672 v.
514 601 677 702 Curubises
692 625 724 673 et
740 611 845 675 Cirris.
873 611 954 696 Quia
970 609 1005 670 iit
1020 607 1122 676 hodie,
1142 603 1171 664 ie
1185 488 1330 771 defi

270 709 388 774 fatetur
417 709 611 775 Bieberiiein
636 733 707 800 pag.
728 725 788 793 55.
806 733 834 778 c.
850 713 872 790 1,
905 727 1031 776 etcum
1053 709 1151 772 Araxe
1173 705 1220 768 αι’

268 825 361 898 putat
381 831 399 872 a
419 809 514 876 Mela.

344 1011 519 1099 Iberus)
557 1015 619 1079 Hic
635 1015 654 1074 sr
673 1016 810 1082 Codices
825 1029 909 1080 recte
925 1015 1050 1088 habent,
1072 1013 1163 1075 aliarn
1182 1001 1332 1098 fecum}

267 1113 312 1182 est
328 1117 604 1187 terminationem,
631 1132 724 1202 atque
740 1123 773 1180 in
789 1119 871 1182 libro
893 1141 921 1184 ι.
938 1139 1003 1200 cap.
1021 1135 1052 1183 ο.
1078 1113 1132 1175 ubi
1154 1107 1332 1198 dicum}

268 1215 363 1284 Iberi.
399 1220 450 1283 sic
464 1219 526 1281 hoc
540 1217 637 1282 habet
649 1221 734 1286 Piin.
752 1235 783 1302 5,
802 1233 834 1302 5.
845 1219 865 1284 i.
881 1239 910 1286 ι.
930 1234 960 1283 at
977 1216 1077 1280 Iberes
1091 1216 1124 1289 6,
1144 1235 1157 1274 ι
1171 1210 1232 1275 ι.[.
1252 1203 1332 1284 1οᾹΙ

266 1334 300 1384 et
323 1320 407 1384 aiibi.
452 1321 631 1404 Utrumque
664 1335 770 1386 tamen
798 1323 933 1384 omnino
957 1327 1039 1384 rec'te
1067 1315 1162 1379 habet
1187 1327 1223 1375 et
1249 1307 1311 1371 uie

266 1419 502 1508 comprobatur.
558 1415 654 1510 Ἴβηρ
688 1425 731 1486 eii
766 1425 850 1508 apud
887 1425 1018 1506 Δρρὶοιι.
1051 1421 1084 1482 in
1118 1413 1333 1494 Mithridan

265 1543 294 1588 c.
311 1545 321 1590 t
338 1539 391 1601 t7.
416 1524 539 1588 σοιιίιισ
555 1527 702 1609 genitivo
716 1517 846 1612 Ἴβηρος
864 1526 897 1586 in
912 1522 979 1586 caiu
993 1535 1077 1586 recto
1094 1521 1225 1580 ductum
1244 1511 1308 1575 effe

265 1637 357 1688 notat
379 1625 559 1708 Stephanus
583 1625 602 1690 i.
627 1648 659 1689 r.
685 1623 819 1716 Ἰβηρία.
873 1626 982 1690 Graeci
1004 1625 1089 1687 enim
1118 1615 1309 1706 praeferunt

259 1715 404 1816 Ἴβηρες,
438 1727 525 1810 quod
551 1743 584 1790 et
608 1727 727 1792 habent
751 1729 955 1813 posteriores,
987 1739 1024 1788 ut
1050 1724 1168 1788 Chron.
1190 1715 1309 1780 l’ascb.

263 1847 336 1916 pag.
356 1841 415 1908 28.
438 1829 518 1892 Ven.
564 1833 604 1892 At
623 1830 729 1894 Latini
750 1843 920 1912 utrumqne
943 1827 1094 1890 adhibent
1112 1819 1307 1907 promiscue,

263 1949 402 2014 quorum
429 1925 521 1994 urum
547 1934 675 1992 notavit
699 1929 831 1996 Serriue
856 1933 895 1993 ad
926 1930 1037 2014 virgil.
1060 1927 1137 1990 Aen.
1157 1939 1190 1998 7,
1211 1923 1304 1995 605·

263 2031 410 2114 exempla
428 2031 518 2092 dedit
535 2029 687 2094 cellarius
710 2033 742 2092 in
759 2033 877 2118 Gengr.
892 2045 956 2094 ant.
977 2046 1009 2111 3.
1031 2049 1084 2099 ισ.
1104 2047 1132 2091 ι.
1173 2027 1227 2087 Sic
1244 2019 1304 2103 qui

264 2131 350 2194 Iberi
366 2143 521 2194 vocantur
535 2133 570 2193 in
589 2131 675 2192 Livii
692 2135 835 2214 epitome
858 2155 937 2198 rot.
963 2147 994 2195 et
1009 2133 1143 2213 Eutrop.
1159 2136 1191 2203 8,
1212 2137 1245 2204 5·
1266 2123 1302 2182 5¹¹

263 2231 377 2296 eadem
395 2231 575 2295 narratione
591 2232 735 2305 Graecia,
762 2237 862 2298 veluti
886 2235 985 2297 Dioni
1001 2247 1059 2314 37.
1075 2234 1119 2292 in.
1149 2227 1300 2310 Appiano

263 2333 297 2396 ira
315 2333 426 2396 Mithr.
443 2353 471 2398 c.
486 2347 566 2414 103.
588 2350 668 2406 ¹¹7·
696 2337 867 2399 Plutarcho
883 2338 915 2397 in
929 2335 1083 2418 Pompeio
1098 2353 1125 2394 c.
1140 2341 1198 2408 35.
1216 2339 1299 2388 extr.

262 2435 402 2500 zonarae
421 2453 477 2506 to,
492 2447 527 2514 5.
548 2434 621 2497 funt
633 2427 772 2526 Ἴβηρες.
812 2439 860 2499 Ειι
880 2439 998 2498 Latinis
1016 2435 1121 2496 fimiiia
1140 2428 1297 2510 exempla,

261 2555 295 2598 v.
319 2553 345 2598 c.
370 2533 572 2616 elephantus,
598 2535 738 2608 Arabus.
764 2539 945 2620 delphinus,
978 2537 1129 2604 Titanus.
1155 2529 1297 2613 conlegit

260 2634 386 2700 Pieriae
409 2635 447 2700 ad
465 2637 572 2721 virgil.
594 2655 622 2701 ο.
643 2638 665 2702 Ι.
718 2637 786 2723 ipsa
810 2641 898 2724 regio
929 2651 1060 2701 vocatur
1085 2635 1202 2703 iberia,
1237 2631 1294 2692 (ir.

259 2731 403 2828 Ἴβηρα.
430 2739 479 2799 uti
497 2739 594 2801 etiam
616 2737 782 2822 Hispania,
809 2743 848 2803 ad
870 2743 958 2802 cuiue
975 2737 1184 2800 differentiam
1201 2750 1295 2814 quae·

259 2839 333 2904 darn
352 2837 452 2901 solent
472 2837 597 2902 adiici·
617 2841 707 2926 plaga
724 2843 822 2912 coeli,
848 2843 901 2903 rei
923 2841 1068 2904 finitimis
1088 2839 1189 2900 ducta.
1241 2833 1295 2896 sic

259 2939 301 3004 rie
323 2937 473 3022 Hispania
495 2933 513 3024 i,
538 2936 617 3029 πρὸς
638 2938 774 3030 ἑσπέραν
792 2939 915 3030 Ἰβηρία
938 2939 1137 3004 Dioscorides
1155 2955 1187 3003 ο.
1210 2955 1295 2997 ιιο.

258 3041 301 3106 tie
323 3039 424 3106 noiita
446 3037 570 3130 'ifinpiss
597 3035 615 3128 i)
642 3037 709 3124 ἑῴα
735 3045 870 3128 Appiae.
891 3045 925 3104 in
952 3041 1097 3104 Mithrid.
1122 3060 1190 3122 cap.
1211 3031 1294 3098 116.

257 3143 311 3210 stc
324 3135 453 3230 Ἴβηρες
472 3139 625 3231 ἑσπέριοι,
652 3145 699 3207 uti
721 3145 834 3208 Strabo
855 3167 883 3209 ι.
908 3165 940 3227 ρ.
956 3156 1016 3224 42.
1038 3141 1061 3207 i.
1079 3145 1138 3206 61.
1160 3154 1190 3202 et
1207 3137 1293 3206 aiibi,

258 3257 293 3310 et
318 3233 457 3326 imitati,
483 3245 664 3309 Euiiathiue
685 3247 724 3309 ad
751 3243 885 3326 Dionys.
910 3266 943 3308 v.
960 3247 1046 3325 695.
1082 3243 1135 3326 qui
1161 3235 1293 3304 ἑωθιιδν

258 3339 352 3422 ἔθνος
368 3341 503 3434 Ἰβήρων
525 3347 565 3411 de
581 3345 690 3410 nostrie
706 3348 803 3418 dicit,
831 3365 888 3430 ρισ
909 3366 975 3428 quo
993 3343 1139 3410 Priscian.
1157 3362 1188 3404 r.
1205 3342 1291 3418 679.

257 3447 388 3510 orietttit
408 3444 524 3512 Iberes.
576 3440 768 3536 Sic'iiiryper
789 3447 819 3512 oi
840 3445 871 3514 ἐν
891 3444 980 3532 'Acie
1001 3459 1033 3508 et
1053 3446 1082 3508 ci
1101 3433 1290 3532 Εὐρωπαῖοι

256 3545 393 3632 Appiae.
417 3548 451 3610 in
477 3547 622 3611 tltthrid.
645 3567 713 3632 cap.
734 3569 815 3612 ror.
869 3549 922 3612 Sic
943 3544 1065 3635 Ἰβηρία
1089 3541 1107 3632 i)
1130 3539 1209 3633 πρός
1229 3537 1292 3616 ταῖς

254 3639 472 3735 Ἡρακλείους
493 3643 618 3736 στήλας
641 3661 673 3712 et
699 3643 718 3734 ἣ
744 3645 824 3736 προς
847 3647 973 3738 Πέρσας
999 3647 1177 3730 Stephanae
1197 3645 1230 3706 h.
1253 3663 1286 3703 r.

258 3745 504 3812 Terminabatnr
525 3751 615 3836 regio
638 3770 656 3813 a
676 3748 900 3834 septemtrione
920 3752 1090 3814 Sarmatiae
1109 3761 1214 3830 parte,
1246 3743 1287 3803 ab

257 3845 369 3910 occasu
389 3849 563 3924 Colchide,
594 3871 613 3914 a
633 3853 767 3914 meridie
785 3866 872 3936 parte
889 3853 1056 3914 Armeniae
1079 3849 1222 3915 maioris,
1245 3843 1285 3905 ab

257 3947 382 4010 oriente
395 3949 540 4016 Albania.
564 3951 786 4030 (Ptolemaeus
801 3967 834 4031 5,
857 3957 932 4029 ta.)
965 3954 1038 4012 l'ara
1052 3951 1120 4012 eius
1135 3945 1285 4011 Caucafiia

257 4047 425 4116 montibue
440 4051 672 4130 includebatur,
697 4053 822 4140 (strato
844 4074 897 4116 ιι.
916 4073 947 4138 ρ.
967 4061 1050 4133 544.
1069 4047 1091 4116 i.
1108 4047 1207 4132 500.)
1231 4047 1282 4128 qui
