2650 4896
139 388 356 454 ¹ncrorrr.
385 391 494 450 unc.
534 391 643 448 nm.
685 391 802 452 nvn.
845 390 922 462 ce.
993 397 1053 466 ⁸4⁷

36 557 188 652 pnfiluns
208 561 296 624 Seres
315 564 487 626 nemoralia
508 575 656 644 carpunt.
700 562 843 626 Testetur
863 563 951 626 idem
966 561 1051 624 Mer·

38 665 99 725 tien.
113 661 234 744 Capella
254 664 312 727 lib.
331 665 364 728 6.
380 687 412 748 p.
430 681 515 746 995.
564 665 635 728 vid.
650 664 751 729 Cerdc
767 665 805 726 acl
821 667 907 748 Virg.
923 683 949 724 c.
969 664 991 726 l.
1014 676 1048 726 et

37 763 179 825 Salmaliue
192 760 227 824 in
243 785 348 828 exerc.
363 767 447 830 Plln.
464 789 496 850 p.
511 787 555 829 m.
568 781 651 841 701.
673 767 730 829 ubl
747 767 834 849 plura
848 763 1045 828 adferuntur.

37 860 74 926 Cf.
89 861 160 924 iufra
176 867 205 942 §.
223 879 258 940 3.
301 867 386 928 Hinc
395 865 503 960 silvae
516 858 703 960 sublrceidae
723 869 882 932 Ammiau.
904 865 1044 929 Marcell.

36 977 80 1042 93,
97 966 125 1027 6.
141 985 171 1046 p.
188 985 233 1026 m.
253 977 337 1046 294.
370 967 526 1051 lanigerae
544 966 668 1030 arbores
691 970 774 1032 Plin.
798 985 850 1038 ιο.
868 967 964 1032 21.ss
987 986 1043 1030 ιο.

33 1065 114 1127 lenae
127 1079 232 1128 autem
251 1061 442 1155 ciprnvocat
463 1071 581 1133 Herod.
599 1083 631 1148 5,
652 1073 730 1135 106.
755 1084 792 1130 ut
812 1071 882 1139 alii,
908 1087 1043 1151 quorum

31 1165 84 1227 loca
96 1165 255 1228 discuntur
269 1189 309 1230 ex
322 1172 458 1234 Salmasri
473 1173 679 1234 enarratione.
729 1171 777 1233 td
794 1173 919 1233 indiam
935 1184 1043 1230 autem

31 1263 107 1328 relect
126 1269 331 1341 Herodotus,
363 1286 395 1333 et
416 1273 456 1334 lic
473 1273 556 1336 Plin.
576 1287 631 1344 12,
649 1289 707 1336 99.
728 1271 746 1334 l.
770 1292 824 1336 ιι.
845 1270 946 1332 ludos
959 1259 1042 1361 suae

30 1364 132 1428 arbores
154 1367 310 1462 vestiunt.
338 1363 340 1368 ’
360 1375 399 1434 ln
425 1375 510 1436 notie
532 1373 820 1436 connovitius,
840 1371 917 1434 haec
932 1383 1039 1432 erent:

29 1469 85 1549 ‚td
102 1467 153 1530 hae
173 1489 223 1532 rec
247 1471 371 1534 adludit
384 1475 575 1539 Prudentius
594 1476 628 1537 in
647 1474 881 1558 Hamartigenia
903 1494 935 1534 v.
956 1480 1041 1548 987.

29 1567 84 1628 Eoo
102 1591 138 1632 ex
160 1569 235 1631 orbe
254 1574 395 1652 repetitis
417 1595 573 1638 rumorum
594 1566 710 1667 spoliis
733 1571 901 1660 fluitantes
915 1563 1040 1665 sumere

30 1671 141 1730 amictus
161 1672 320 1752 gaudent.
371 1663 455 1738 Natu
482 1677 642 1740 fluitantee
673 1679 809 1738 amictue
839 1674 913 1736 lunt
933 1663 1038 1763 serici.

28 1770 103 1840 uude,
127 1773 213 1852 quod
230 1789 341 1838 auctor
356 1778 433 1839 dicit
451 1779 553 1848 lanas,
584 1779 733 1861 exprimit
748 1797 788 1839 ex
808 1775 916 1858 inopie
935 1773 1041 1834 Latini

30 1865 174 1944 armonia,
203 1895 308 1956 quum
329 1879 369 1940 de
391 1881 497 1942 Serico
521 1879 635 1942 debeat
655 1879 809 1962 intelligi,
839 1877 928 1939 cuiue
946 1871 1039 1936 frusta

30 1970 189 2036 dicebantur
212 1975 332 2040 Graece
352 1973 517 2050 τολύποι.
546 1994 641 2062 prout
661 1979 786 2062 usurpat
799 1978 920 2040 Arrian.
935 1976 969 2036 in
987 1975 1040 2034 ln·

31 2069 121 2134 dictu·
138 2073 226 2161 [cap.
245 2075 299 2165 7.]
326 2081 491 2144 Pertinent
508 2079 589 2146 forte
605 2083 682 2144 hacc
697 2082 735 2142 ad
750 2081 844 2142 telam
860 2075 1037 2155 bombycin

30 2169 108 2232 Sernn
139 2177 279 2241 Graecos
309 2182 461 2264 adpellare
492 2183 570 2244 dicit
592 2177 721 2245 Paulan'.
739 2183 772 2245 6.
794 2179 816 2242 l.
846 2179 928 2262 apud
955 2173 1040 2258 iploe

31 2270 100 2335 Serae
114 2297 190 2340 vero
204 2280 304 2365 longe
321 2285 382 2346 alio
401 2287 548 2351 nomine.
574 2285 659 2364 quod
676 2303 743 2346 non
762 2281 871 2343 adfert.
907 2279 979 2339 vid.
996 2277 1037 2337 de

29 2389 57 2430 eo
70 2381 261 2452 vermiculo,
287 2403 365 2464 quae
384 2383 479 2446 habet
495 2385 616 2447 Plinius
638 2405 691 2453 ιι,
709 2381 766 2447 96.
783 2381 803 2446 s.
822 2397 879 2446 99.
904 2393 937 2442 et
956 2394 1037 2459 quae

30 2491 57 2530 cx
75 2493 214 2541 ceterum
245 2483 324 2547 locis
355 2487 399 2547 ibi
427 2463 609 2546 adtulerunt
634 2487 695 2548 viri
724 2486 826 2553 docti,
861 2481 973 2544 Kuhn.
995 2477 1036 2539 acl

29 2569 135 2640 Fauian.
151 2601 177 2641 c.
195 2584 218 2644 l.
242 2597 275 2646 et
288 2585 412 2650 Salmas.
429 2589 466 2648 ad
483 2587 512 2646 T
515 2587 671 2650 ertullirn.
686 2587 725 2646 de
744 2587 841 2668 pallio
856 2604 888 2665 p.
907 2597 978 2660 999
993 2576 1036 2658 lq·

31 2671 96 2738 liinc
110 2686 189 2761 apurl
209 2685 376 2750 Heliodor.
392 2691 423 2748 in
437 2689 585 2770 Aethiop.
605 2707 660 2758 ιο,
678 2689 736 2750 96.
755 2687 774 2748 l.
791 2707 861 2768 pag.
879 2693 963 2764 494.
983 2679 1035 2741 etl·

29 2771 153 2843 Bourdel.
176 2787 292 2848 Serum
306 2789 401 2872 legati
417 2791 450 2849 in
467 2789 651 2849 muneribus
666 2787 805 2850 adtulille
818 2789 911 2848 etiam
928 2785 1038 2843 dicuu-

30 2885 67 2935 tnr
89 2881 148 2943 τῶν
175 2883 253 2974 παρ’
278 2879 389 2964 αὐτοῖς
418 2885 584 2977 ἀραχνίων
604 2885 734 2976 νήματα
757 2879 810 2950 καὶ
837 2877 1037 2970 ὑφάσματα.

30 2973 134 3062 Nempe
148 2985 284 3070 duplicie
305 2991 427 3074 generis
443 3005 508 3053 erac
526 2991 608 3073 apud
623 2992 713 3053 Serae
729 2991 815 3058 lana.
842 2984 946 3066 byffrn
968 2982 1038 3051 alie.

31 3075 74 3140 clia
91 3080 232 3150 sericum.
272 3089 322 3154 ef.
340 3092 492 3154 Mahudel
517 3090 565 3154 lur
586 3093 615 3152 la
632 3089 712 3159 soie.
741 3093 774 3150 in
798 3087 971 3149 Memoirec
987 3113 1037 3130 --

33 3175 149 3248 chrria
169 3193 269 3254 Tum.
285 3206 317 3270 5.
335 3205 368 3255 et
383 3193 507 3254 Ilrnrier
522 3193 562 3254 T.
580 3193 640 3270 46.
691 3193 740 3252 De
754 3189 931 3268 bombyce,
956 3202 1038 3265 quae

31 3273 97 3344 loliia
116 3295 197 3353 mori
218 3292 328 3363 alitur.
360 3307 392 3356 et
416 3293 544 3354 sericum
568 3291 791 3362 subministrat,
822 3292 870 3350 uti
894 3289 1037 3350 adfirmat

32 3377 120 3450 licor.
141 3411 193 3471 ¹9·
213 3409 271 3467 97.
295 3395 335 3455 de
355 3396 485 3476 eiucque
508 3395 567 3456 filia
587 3395 653 3454 vicl.
674 3394 779 3455 Philee
795 3411 889 3454 carm.
907 3409 940 3470 9.
964 3407 1037 3472 pag-

34 3488 142 3572 301lq.
165 3493 403 3577 (Wernedorl.)
456 3497 505 3558 De
523 3494 627 3574 byllu.
652 3515 748 3576 quam
770 3513 842 3554 curn
861 3495 927 3554 lino
944 3488 1040 3552 multi

34 3585 231 3664 contundunt.
270 3597 368 3658 multa
403 3595 489 3658 'dabit
521 3597 658 3659 Larchcr
682 3597 719 3656 ad
748 3595 903 3656 Herodot.
923 3608 954 3661 9,
980 3589 1039 3663 86.

33 3681 102 3751 Hinc
115 3694 152 3756 de
168 3697 310 3782 Guignea
326 3699 359 3758 iu
377 3697 549 3760 Memnirea
565 3733 611 3747 -—
629 3697 668 3758 de
683 3697 769 3758 Paria
786 3696 826 3756 T.
840 3705 896 3772 35.
911 3713 943 3775 p.
954 3689 1038 3768 556.

35 3801 124 3866 putat,
160 3800 248 3861 Serae
274 3801 308 3860 in
333 3799 436 3862 China
463 3799 646 3881 ponendae,
682 3797 737 3857 ubi
768 3797 898 3856 inventa
927 3789 970 3854 est
1002 3807 1041 3850 ex

34 3901 123 3968 aperto
147 3903 350 3962 commercio.
388 3901 500 3962 Strabo
522 3911 577 3977 ¹5·
602 3919 633 3980 p.
650 3906 734 3980 477.
755 3895 775 3958 l.
798 3894 880 3976 694.
903 3887 1042 3982 ἐριφόρο

38 3981 127 4081 δένδρα
149 4003 187 4062 rie
203 4003 242 4064 iic
264 4003 413 4084 explicat,
442 4021 521 4084 quae
539 4015 673 4063 cotonea
687 3997 767 4060 male
781 3993 888 4059 lerunt
905 3996 984 4058 lunia
997 4015 1043 4055 re·

37 4089 119 4170 plen,
141 4103 239 4184 qualia
255 4106 351 4166 etiam
367 4101 525 4188 descripfit
546 4102 633 4167 Pliu.
657 4115 712 4174 ιο,
732 4117 790 4165 ct.
814 4094 836 4162 l.
860 4119 914 4164 ro.
949 4097 1044 4160 Talea
