2650 4896
154 429 211 488 ΙΝ
238 429 375 487 rome.
404 427 512 486 Mer..
552 429 588 484 L.
610 429 661 484 111.
704 427 822 491 cnr.
865 429 942 500 Μ.
1008 443 1069 511 2⁷3

29 617 135 666 aetate
159 617 194 665 et
219 618 353 666 auctore
373 600 493 688 peripli
515 599 614 666 inuris
637 601 807 682 Erythraei
822 605 851 686 d.
868 618 900 683 3.
923 627 1068 690 pag-91.

26 707 119 785 (Vol.
152 728 184 767 1.
211 706 329 788 Geogr.
351 705 472 788 lluds.)
508 719 541 766 et
570 703 743 765 Arrianum
778 726 853 767 cum
880 708 1069 774 Ptolemaeo

25 805 271 868 Palaelimundi
300 805 440 866 insulam
468 805 670 868 confundere
703 821 813 888 putat;
857 810 949 868 sitnm
977 810 1067 874 enim

25 908 166 978 docere,
197 907 239 967 de
263 905 411 968 Pliniana
436 927 510 968 eum
532 927 599 966 non
624 905 734 992 loqui,
772 906 848 991 quia
871 925 972 992 ponat
1001 913 1069 994 post

22 1029 127 1090 regna
155 1006 354 1090 Ceprobotis
380 1023 412 1069 et
437 1005 617 1069 Pandionis
644 1025 676 1068 et
697 1029 736 1068 ex
763 1009 895 1070 adterso
925 1011 1066 1076 Ananiae

22 1105 265 1191 Aethiopicae,
303 1129 386 1192 quae
406 1105 625 1171 Ptolemaicae
651 1110 865 1192 Taprobanae
887 1107 992 1194 magis
1017 1135 1067 1176 re·

21 1210 231 1293 spondeant3
270 1211 361 1270 fimus
383 1229 462 1270 vero
488 1209 567 1270 duas
593 1207 821 1280 commiscere,
856 1211 904 1272 uti
927 1213 1064 1276 Marcia·

21 1332 127 1380 uum,
170 1331 289 1394 nempe
314 1308 480 1394 antiquam
503 1307 603 1372 Plinii
629 1327 739 1372 contra
763 1309 903 1373 mediam
924 1311 1063 1389 Indiam,

21 1429 54 1474 et
71 1431 222 1482 novam,
248 1432 346 1496 quam
361 1409 539 1472 Ptolemaei
563 1426 665 1472 aetate
682 1411 711 1472 se
730 1409 886 1474 invenisse
906 1417 1066 1495 putabant

20 1527 244 1584 mercatores;
286 1533 407 1574 nomen
431 1515 538 1574 Sulica
559 1513 598 1572 ad
621 1510 717 1573 aliam
737 1511 873 1574 insulam
898 1514 1062 1580 trausiill'e.

21 1617 127 1677 Plura
157 1613 200 1673 de
224 1611 279 1674 illa
300 1629 428 1696 praeter
448 1613 661 1675 Dodwellum
688 1629 720 1675 et
742 1613 915 1676 Stuclriunr
939 1616 1064 1680 dabunt

23 1717 204 1778 Salmasius
226 1715 266 1774 ad
287 1711 389 1776 Solin.
407 1735 434 1776 c.
453 1714 473 1776 l.
508 1712 667 1775 d’dnville
688 1737 719 1797 p.
743 1725 821 1792 142.
849 1717 888 1775 de
913 1716 1066 1781 Schmidt

23 1817 184 1900 opuscul.
199 1836 232 1898 p.
254 1829 320 1893 175
339 1815 380 1899 sq.
409 1835 492 1899 quae
511 1829 619 1876 tamen
643 1813 710 1876 sere
733 1814 875 1898 spectant
893 1815 1001 1877 omnia
1022 1819 1064 1880 ad

21 1921 260 1981 Romanorum
283 1931 438 1988 aetatem,
470 1914 545 1999 qui,
580 1915 655 1976 teste
683 1912 808 1988 Plinio,
840 1915 909 1997 post
933 1917 1064 1980 Claudii

22 2019 170 2082 demum
186 2032 333 2099 tempora
350 2015 530 2079 accuratius
550 2031 785 2099 cognoverunt.
836 2014 963 2080 Plinius
982 2017 1066 2101 opti·

20 2143 79 2183 me
106 2115 294 2202 antiquiora
320 2134 353 2179 et
377 2115 559 2179 recentiora
593 2133 738 2199 tempora
765 2113 942 2199 distinguit.
993 2117 1064 2183 Vid.

22 2224 165 2284 Heeren
178 2220 220 2280 de
234 2219 433 2280 Graecorum
449 2220 489 2279 de
507 2215 597 2280 India
614 2217 729 2279 notitia
748 2240 778 2302 p.
804 2221 879 2297 146.
905 2217 961 2300 (iu
979 2241 1068 2284 com·

22 2337 183 2384 mentatt.
213 2318 569 2402 Goetting.Vol.1o.)
619 2316 706 2380 Hinc
728 2339 806 2380 vero
831 2317 948 2391 ctiam,
982 2341 1067 2405 quae

22 2421 134 2485 hodie
162 2423 216 2491 lit,
252 2418 459 2506 disceptatur.
511 2418 599 2482 Olim
630 2420 778 2480 Suaratra
804 2421 976 2501 putabant,
1012 2437 1069 2483 aut

23 2521 183 2588 Iumboli.
220 2524 271 2582 De
288 2519 341 2583 illa
358 2525 460 2583 multa
475 2521 629 2582 Marsden
645 2517 678 2582 in
697 2521 751 2580 the
767 2517 886 2598 history
902 2521 938 2581 os
953 2523 1068 2582 Suma-

25 2641 78 2687 tra
97 2646 131 2708 p.
150 2634 185 2701 4.
202 2639 234 2684 et
252 2639 283 2704 7.
316 2619 468 2706 Plerique
484 2617 692 2683 consentiunt
707 2619 741 2680 in
756 2609 857 2681 insula
869 2603 1003 2704 flleylun,
1031 2637 1069 2684 ut

27 2723 115 2788 olim
132 2723 200 2786 iam
217 2721 361 2788 Ortelius
377 2725 409 2790 h.
426 2745 457 2785 v.
499 2721 548 2785 ef.
566 2719 724 2783 d’Anville
742 2741 812 2804 pag.
836 2735 899 2801 142
917 2723 980 2806 sqq.
1009 2719 1068 2783 ubi

29 2843 151 2890 contra
167 2825 316 2888 Sumatur
334 2841 473 2908 pugnat,
499 2845 582 2907 quae
598 2820 696 2884 nimia
713 2825 750 2884 ab
771 2821 862 2882 India
879 2821 986 2893 distet,
1013 2825 1070 2886 etsi

28 2929 247 2992 Ptolemaeus
272 2923 372 2986 nimis
404 2927 620 3008 Taprobanen
649 2924 735 2983 suam
762 2923 924 2985 extemlat.
984 2921 1069 3004 Quia

27 3031 224 3092 Zumatiam
243 3042 356 3097 vocet,
383 3024 432 3086 uti
458 3023 524 3086 dici
545 3021 657 3085 scribit
677 3021 842 3084 Dinothua
858 3021 893 3083 in
911 3023 1069 3085 adversar.

29 3129 151 3192 histor.
173 3151 205 3211 p.
228 3141 305 3208 ¹59·
323 3125 452 3210 ignoro,
476 3147 551 3188 cum
570 3123 638 3208 ipse
654 3122 863 3184 nonindicet.
899 3125 935 3182 ln
954 3123 1072 3203 Ceylon

29 3227 201 3294 consentit
216 3251 292 3292 cum
307 3229 422 3298 Vossro,
446 3224 502 3310 qui
520 3224 662 3310 plurima
679 3223 842 3307 congessit,
867 3225 1021 3286 Mannert
1035 3220 1072 3284 in

29 3333 158 3416 Geogr.
177 3331 217 3394 T.
235 3343 267 3407 5.
285 3353 317 3413 p.
336 3341 405 3407 275
423 3328 487 3413 sqq.

115 3531 242 3596 Orbis
264 3533 433 3594 alterius
442 3530 461 3613 )
494 3531 518 3592 l.
535 3551 562 3592 e.
578 3525 850 3596 Antichthonum,
867 3523 916 3590 uti
933 3548 971 3588 ex
986 3527 1074 3588 Mela

38 3659 72 3708 1,
93 3653 132 3715 9,
151 3645 187 3712 4.
206 3631 420 3716 intelligitur:
450 3631 546 3726 Quod
555 3627 743 3722 sttstcdter
760 3627 851 3699 orbis,
868 3619 1008 3716 sinuque
1023 3626 1074 3688 ob·
1169 3667 1174 3679 ·

31 3735 141 3827 positi
161 3733 253 3796 nobis
268 3756 288 3794 ct
305 3735 431 3795 meridie
446 3733 681 3793 Antichtsroues.
732 3731 774 3790 Et
796 3730 836 3790 sic
855 3724 941 3788 Plio.
958 3730 999 3804 6,ι
1017 3738 1071 3806 24.

33 3839 58 3900 s.
81 3855 141 3898 eu.
166 3831 326 3919 explicat:
361 3833 660 3895 asterurrrterraruut
678 3827 778 3890 orbem
799 3819 866 3916 effe,
897 3827 951 3886 diu
972 3829 1023 3886 exi
1052 3830 1075 3888 i·

35 3953 167 4001 matum
189 3935 249 4030 ess,
276 3936 525 3998 Antichthonum
549 3931 773 4012 adpellatt'one,
801 3945 947 4010 proquo
972 3927 1074 3990 Solin.

34 4059 113 4124 cap.
133 4051 192 4116 53.
209 4051 241 4099 et
255 4037 380 4121 quidem
399 4055 482 4104 eunt,
507 4055 596 4118 quem
613 4031 839 4095 Anticatones
860 4025 1004 4089 habitare
1017 4050 1079 4089 ενοι

32 4140 205 4211 derantur,
240 4157 440 4223 quamquam
471 4136 536 4198 hoc
568 4155 608 4196 ex
640 4128 848 4204 coniectura,
884 4127 1079 4200 carnaliter
1192 4145 1193 4150 ¹

679 4233 700 4296 S
730 4250 749 4294 a
