2746 4894
289 429 354 516 39⁶
560 431 724 493 nom
763 431 1068 494 annonarum

289 585 426 674 Summa
443 605 615 669 huoreditr
641 627 778 694 magnae
788 608 966 672 Ptolemaei
983 612 1031 688 (4,
1042 609 1076 673 6.
1088 609 1152 688 in.)
1169 607 1250 671 linus
1263 602 1321 698 (μί-

289 729 352 796 que
377 699 579 798 καλούμενος
603 703 741 790 κόλπος)
772 713 939 775 exterioris
961 711 1059 774 maris
1084 729 1154 774 non
1180 709 1321 776 differta

290 811 401 875 Melae
414 811 543 898 grandia
561 811 664 874 litoris
680 811 777 886 flexu,
803 815 826 877 l.
842 829 871 874 e.
891 813 920 875 le
936 812 1043 894 grand
1059 812 1167 884 conde,
1189 804 1321 902 quesor·

292 935 341 976 me
361 905 522 1003 l'Afrique
540 933 577 972 err
591 904 631 1004 se
651 911 807 977 conrbarrt
827 913 866 974 de
886 913 1049 978 l'occr'dent
1069 937 1109 976 en
1130 916 1247 985 orient.
1270 915 1321 976 ubi

290 1013 390 1077 hodie
407 1015 511 1076 Sierra
532 1013 640 1076 Hono
654 1028 687 1078 et
706 1015 781 1079 inde
795 1017 928 1080 alteriue
948 1016 1053 1080 verine
1068 1034 1142 1079 orae
1161 1016 1320 1079 orientale·

290 1116 446 1180 Guineae.
510 1115 677 1199 Quidquid
703 1116 764 1189 ell.
800 1116 1001 1203 Madagascar
1025 1115 1086 1182 else
1116 1139 1186 1182 non
1217 1116 1320 1200 potest,

288 1237 371 1302 quae
388 1220 442 1280 lita
457 1216 499 1280 esl
515 1219 549 1279 in
566 1220 663 1281 altera
680 1217 801 1281 Africae
819 1221 1033 1303 prominentia
1058 1239 1126 1292 ora,
1153 1239 1227 1282 cum
1243 1201 1323 1280 Mela

287 1321 323 1382 in
356 1319 502 1404 obpolita
536 1320 577 1382 ad
610 1322 812 1385 occidentem
839 1323 903 1382 iarn
937 1320 1116 1407 progrellue
1150 1319 1197 1384 lit.
1257 1321 1322 1383 lloa

288 1421 374 1494 elate
391 1425 533 1504 adparet.
559 1423 579 1484 ll
601 1422 824 1487 Ptolemaeum
842 1421 987 1487 consulat
1002 1445 1030 1486 o.
1046 1423 1067 1487 l.
1091 1424 1151 1506 qui
1167 1423 1219 1483 hic
1233 1421 1322 1483 habet

286 1543 438 1604 magnaram
450 1519 579 1612 finam,
610 1519 690 1586 item
713 1524 747 1586 in
770 1525 889 1586 vicinia
909 1539 1072 1598 montem,
1103 1522 1192 1590 θεῶν
1214 1516 1321 1612 ὄχημα

287 1638 322 1688 et
338 1621 500 1712 Ἑσπέρου
523 1621 626 1712 κέρας.
679 1625 832 1712 Magnam
854 1647 951 1709 porro
974 1640 1100 1689 tantum
1125 1641 1250 1710 partem
1270 1625 1321 1686 alr·

286 1740 494 1790 aumveotum
518 1727 577 1790 elle
604 1727 737 1800 Oceani,
770 1726 884 1791 diserte
910 1726 1007 1792 refert
1033 1729 1132 1801 Mela,
1165 1747 1237 1790 cum
1260 1741 1319 1808 quo

285 1829 428 1914 perlplue
443 1827 610 1891 consentit.
649 1829 774 1894 Litoris
786 1829 920 1912 grandis
938 1825 1043 1916 flans
1057 1832 1171 1912 ntique
1186 1823 1321 1918 ettsnur

287 1953 423 2012 magnus
456 1929 635 1995 Ptolemaei
659 1945 693 1994 et
721 1930 785 2016 ipse
809 1933 876 2014 poll
905 1933 1005 1993 linum
1038 1931 1156 1994 Noller
1179 1929 1318 2012 adpellat.

286 2035 351 2098 Sed
373 2030 455 2095 sorte
480 2036 584 2116 aptiae
601 2053 732 2116 quaerat
754 2035 851 2095 hodie
875 2037 957 2094 inter
978 2035 1218 2118 promontoria,
1242 2047 1317 2113 quae

286 2147 445 2199 vocantur
465 2134 503 2197 0.
523 2126 675 2227 Formosa
695 2150 727 2198 et
752 2137 789 2199 C.
807 2137 845 2196 cle
862 2135 954 2214 Lopo
981 2136 1154 2207 Conantes,
1181 2147 1214 2196 et
1232 2131 1316 2202 sorte.

285 2255 368 2320 qnae
394 2234 467 2297 sunt
491 2238 574 2298 ultra
597 2241 695 2320 priua.
761 2236 920 2298 Ohiacent
945 2235 1065 2298 insulae
1088 2237 1238 2319 quidem,
1270 2232 1316 2303 setl

284 2359 420 2422 quarum
438 2339 524 2400 nulla
540 2339 580 2400 ad
602 2337 754 2420 grandem
771 2330 907 2431 irrsnlam
926 2339 1009 2401 hano
1031 2341 1192 2421 pertinere
1213 2335 1315 2422 potell.

284 2441 410 2504 Plinius
427 2443 460 2509 6.
477 2444 534 2520 56.
552 2439 573 2504 s.
589 2453 648 2519 31.
672 2453 705 2502 et
721 2459 792 2502 cum
810 2459 849 2502 eo
874 2441 1020 2512 Solinus,
1053 2441 1110 2521 qni
1125 2454 1234 2501 tamen
1254 2457 1315 2521 per·

283 2562 395 2627 peram
417 2562 492 2605 eum
515 2540 652 2622 sequitur
667 2556 701 2604 et
716 2556 859 2604 mentem
875 2544 944 2604 eiua
965 2543 1136 2626 depravat,
1164 2543 1205 2604 de
1219 2540 1315 2601 Xeno·

207 2675 214 2688 κ
283 2645 408 2728 phonte
425 2642 641 2724 Lampsaceno
655 2641 760 2714 refert,
784 2646 817 2705 in
833 2643 998 2729 Gorgades
1013 2644 1211 2706 Hannonem
1228 2657 1313 2725 pena·

284 2745 385 2816 ualle.
410 2759 442 2807 et
456 2763 537 2826 quae
555 2745 595 2806 de
616 2745 729 2828 grandi
749 2743 848 2806 insula
866 2745 962 2806 tradit
988 2745 1111 2818 Noster,
1141 2746 1188 2806 ibi
1201 2743 1314 2806 lactum

284 2861 318 2913 et
330 2844 435 2908 visum
451 2845 522 2909 elle.
556 2845 733 2908 Martianus
747 2845 878 2930 Capella
892 2847 947 2908 lib.
965 2849 999 2912 6.
1014 2868 1045 2930 p.
1059 2847 1144 2912 226.
1170 2847 1217 2907 uti
1234 2842 1312 2912 solet.

282 2949 382 3014 Plinii
397 2948 495 3011 verba
510 2949 682 3011 transtulit.
716 2947 837 3010 Malam
854 2946 1099 3031 praeferendum
1115 2946 1220 3012 censet
1233 2945 1313 3008 Parit

283 3053 318 3120 ln
341 3051 512 3113 memoirea
528 3051 567 3111 de
588 3050 773 3112 l'anademie
795 3053 851 3111 dee
868 3049 1008 3132 inscript.
1023 3070 1055 3131 p.
1073 3059 1132 3125 8⁰·
1158 3050 1232 3133 qula
1245 3064 1312 3108 eon·

283 3153 396 3218 sentiat
420 3171 494 3213 oum
522 3151 694 3213 Hannonle
721 3152 860 3234 periplo,
894 3169 990 3234 quern
1016 3165 1126 3214 tamen
1152 3151 1228 3211 hino
1253 3149 1311 3208 iam

281 3255 362 3319 olim
395 3255 605 3336 depravatum
636 3251 726 3315 inille
757 3266 790 3315 et
817 3253 906 3316 varia
938 3253 1147 3336 inquinatum
1177 3251 1310 3336 adparet.

282 3357 375 3422 Idem
396 3353 557 3438 sequentia
581 3353 762 3417 ostendunt.

357 3547 572 3650 hirsutas)
622 3557 813 3638 Diecrepant
832 3556 887 3618 alil
908 3568 941 3619 et
961 3553 1025 3640 ipse
1045 3557 1163 3619 Hanno
1186 3573 1256 3641 pag.
1278 3559 1308 3630 5.

282 3660 420 3745 (Geogr.
437 3659 517 3722 min.
534 3656 655 3736 lluds.)
675 3659 807 3741 qualem
821 3658 992 3722 habentne.
1032 3659 1095 3720 Hie
1114 3677 1229 3740 nempe
1246 3673 1309 3716 nar·

281 3772 491 3830 natantum,
527 3761 630 3845 pluree
651 3760 697 3821 ibi
716 3755 855 3823 seminat
876 3759 1051 3843 etquidem
1070 3759 1189 3830 hirtae,
1219 3773 1308 3839 quam

282 3882 386 3926 maret
413 3859 514 3925 suille.
565 3863 714 3926 Feminae
741 3863 928 3946 interpretes
960 3862 1084 3924 linitae
1114 3857 1316 3943 adpellabant·

285 3961 434 4027 Gorr'llus.
479 3965 609 4025 Illarum
631 3977 694 4026 tree
715 3978 823 4046 captae
845 3963 989 4043 (Pliniue
1003 3964 1135 4045 eiusque
1151 3961 1306 4025 sectatores

284 4081 330 4130 aa.
343 4063 377 4128 ll.
394 4063 477 4128 duas
494 4065 673 4149 Gorgones)
691 4067 852 4151 palletque
869 4067 1026 4130 detractae
1042 4066 1224 4148 delatusque
1238 4061 1305 4129 Car·
