2746 4894
201 379 255 436 1n
283 377 420 437 eone.
448 377 556 436 nur..
597 375 705 437 nm.
748 375 961 450 uxone.
1044 389 1107 456 tu

63 553 164 619 donis
180 552 278 616 insula
294 556 435 616 multum
451 553 644 641 famigerata.
671 551 831 616 Ultimum
845 573 968 618 nomen
982 574 998 616 a
1010 554 1109 617 Bran·

63 659 155 722 dano
182 657 202 720 l.
233 657 400 720 brendano
431 660 530 720 Scoto
560 659 739 736 eodemque
772 657 886 718 Sancto
919 671 1109 742 corruptum

62 773 162 845 putat
190 757 332 832 Voffirrs,
368 763 402 820 in
429 763 517 834 enim
549 761 615 821 vita
648 757 796 819 inaccessa
828 759 925 820 insula
950 771 1107 822 occurrat.

65 861 252 942 erartaest
276 863 454 940 Capraria,
478 863 601 924 lacertie
624 859 747 922 referta.
782 859 903 923 Plinius
919 861 1031 924 etalii.
1066 864 1109 923 At

63 963 236 1027 Salmattui
253 965 287 1025 in
301 965 403 1026 Solin.
417 985 448 1047 p.
465 985 509 1026 m.
526 979 612 1044 927.
636 983 709 1024 cum
731 979 800 1023 non
824 965 928 1043 capris
947 960 1109 1044 subsequa·

63 1079 132 1130 tur.
161 1063 211 1126 sed
228 1065 359 1136 lacertis,
381 1081 490 1152 argute
506 1067 636 1146 quidem
654 1065 743 1124 malit
757 1062 956 1150 Zuupupiutt.
977 1067 1020 1127 ite
1035 1065 1108 1130 utC

65 1167 238 1237 Graecum,
261 1169 279 1228 i.
300 1189 328 1231 e.
343 1169 385 1240 Σ,
409 1189 466 1250 pro
482 1168 509 1231 C
527 1169 642 1229 Latino
660 1167 774 1250 legerit
789 1163 921 1228 Plinius.
948 1167 1010 1230 Sed
1031 1187 1109 1231 cum

64 1269 176 1330 Sarna
193 1271 226 1329 in
245 1271 365 1332 Latinis
380 1285 522 1332 occurrat
538 1285 571 1331 et
593 1271 670 1331 hinc
689 1268 795 1328 Plinio
812 1269 864 1328 vel
888 1268 944 1329 hac
964 1269 1003 1329 de
1020 1267 1109 1332 caula

65 1371 221 1465 ignotum
241 1373 301 1433 elle
323 1375 459 1434 minime
482 1373 640 1455 potuerit,
670 1367 843 1432 subiecisset
867 1371 993 1450 utique,
1022 1369 1108 1460 si'ita

65 1471 202 1556 legisset.
245 1475 370 1535 Deinde
386 1475 571 1537 Ptolemaeo
586 1493 613 1536 c.
630 1473 651 1534 l.
676 1472 731 1532 etsi
745 1471 841 1554 paulo
857 1473 954 1543 aliter,
981 1469 1024 1534 est
1039 1474 1109 1536 lta·

68 1572 210 1659 σπειρία.
237 1577 328 1652 (eliae
352 1577 425 1640 edd.
449 1571 645 1664 liunnepr'a.)
677 1573 771 1636 Forte
794 1573 941 1656 Capraria
961 1595 978 1634 a
1004 1571 1109 1638 forma

66 1673 214 1736 saxttrum
238 1677 339 1748 dicta,
366 1691 404 1739 ut
429 1697 514 1740 mare
542 1683 704 1762 Aegaeum
726 1676 854 1740 volunt.
900 1676 944 1738 H.
962 1675 1045 1738 tiste
1068 1675 1108 1738 de

65 1777 181 1839 Polme
210 1793 349 1858 putatur.
407 1780 514 1840 Habet
545 1781 641 1842 etiam
665 1777 848 1862 Caprariam
876 1776 1026 1864 Sebosus,
1052 1777 1109 1841 etli

67 1876 214 1941 [eorsum
233 1881 271 1941 ab
289 1880 347 1944 hie.
386 1881 536 1944 Proxima
556 1882 714 1951 Nivaria,
738 1881 772 1940 in
789 1880 888 1941 Plinii
903 1879 1005 1944 coto.
1023 1881 1110 1942 Nin-

67 1983 197 2062 guaria,
218 1985 305 2062 quod
323 1983 455 2064 perinde
469 1983 521 2053 eli,
536 2003 553 2045 a
567 1996 719 2066 perpetua
735 1983 811 2044 nire
827 1995 859 2044 et
872 1980 1007 2046 nebulio.
1033 1981 1109 2046 Pto·

66 2083 194 2144 lemaeo
210 2103 236 2146 c.
253 2085 273 2147 l.
290 2083 482 2172 lievroupin,
498 2085 597 2161 (Bert.
616 2083 666 2146 serl
684 2084 735 2147 ed.
746 2085 875 2168 urgent.
892 2079 1107 2173 Πιντουαρία)
1159 2067 1162 2074 ⁴

66 2203 131 2266 pro
153 2181 368 2273 Νιγγουαρία.
422 2181 545 2250 Volliue
566 2187 604 2247 ad
623 2185 746 2247 Melam
762 2186 793 2248 h.
810 2186 832 2249 l.
852 2187 984 2247 eandem
1006 2195 1108 2268 putat,

67 2299 105 2348 et
128 2281 339 2373 ’Anpo'orwm
372 2287 447 2350 licet
471 2287 640 2374 distinguat
665 2288 884 2358 Ptolemaeus,
916 2286 1008 2349 dubia
1035 2287 1107 2350 lide.

65 2386 115 2450 Η.
136 2387 216 2448 l'isle
236 2389 274 2450 de
301 2385 469 2478 Teneriffe,
497 2404 534 2451 ut
561 2391 634 2452 vult
656 2389 858 2459 Herduinue,
893 2390 964 2471 quia
987 2385 1047 2450 sola
1069 2407 1110 2452 ex

66 2488 212 2552 Canariie
228 2488 336 2554 insulie
356 2491 434 2554 nire
448 2491 598 2556 abundat.
649 2493 713 2556 Sed
735 2492 807 2572 quia
825 2491 1008 2554 Harduintte
1026 2491 1110 2554 Con·

66 2589 184 2652 vetlem
206 2591 312 2654 Sebosi
332 2595 466 2656 eandem
489 2595 643 2666 adfirmat,
664 2595 762 2664 varie,
785 2593 903 2656 liillud
920 2611 1032 2656 verum
1055 2593 1109 2664 eli,

68 2693 235 2758 veteribue
255 2694 337 2756 dicta
361 2693 433 2756 snit.
487 2697 634 2778 Denique
657 2695 700 2758 eli
725 2697 869 2759 Carraria
891 2697 987 2758 etiam
1002 2695 1109 2758 Ptole·

68 2812 163 2855 maeo
185 2813 332 2856 acanum
353 2797 561 2859 multitudine
583 2799 724 2880 ingentia
746 2797 993 2881 magnitudinis.
1020 2797 1110 2860 unde
1191 2825 1194 2834 ·

69 2895 211 2976 reliquae
241 2897 341 2958 dictae
374 2897 454 2960 suut.
506 2897 550 2960 H.
573 2898 652 2958 l'isle
676 2897 715 2958 de
745 2898 892 2961 Carraria.
944 2899 1010 2960 Hae
1038 2896 1110 2959 sunt

69 2997 172 3060 Plinii
191 2999 389 3081 aliorumque
412 2998 463 3062 lex
486 2997 620 3070 insulae,
650 3000 685 3060 in
708 3018 842 3080 querum
866 3001 1109 3062 enumeratione

68 3100 198 3162 tertiam
221 3099 327 3162 omitt
349 3102 453 3166 Brune
474 3103 508 3162 in
531 3099 712 3164 Handbuch
734 3102 790 3162 der
814 3099 899 3162 alten
922 3098 1108 3163 Erdbelchr.

69 3199 144 3263 Vol.
161 3217 194 3262 tt.
211 3221 282 3286 pag.
304 3215 385 3280 257.
403 3203 434 3267 b.
468 3205 599 3266 Procius
623 3216 729 3265 autem
750 3201 805 3264 lib.
828 3222 858 3265 ι.
881 3203 915 3263 in
937 3203 1109 3265 Timaeum
1189 3271 1197 3276 ‚

71 3302 184 3363 decem
204 3319 362 3375 numerat,
390 3304 510 3390 septem
533 3303 738 3388 Proserpinae
762 3301 881 3374 sacries
899 3325 934 3367 ac
954 3318 1015 3366 tres
1034 3304 1110 3368 aliae

70 3403 214 3476 Plutoni,
237 3405 414 3468 Hammoni
431 3419 463 3469 et
478 3405 643 3490 Neptuno.
687 3407 834 3470 Omnino
856 3419 962 3469 tamen
978 3407 1109 3489 quidam

70 3518 107 3567 et
126 3505 294 3587 posteriori
309 3527 390 3570 aevo
405 3509 444 3572 rie
459 3509 498 3570 iie
513 3507 665 3570 dubitasse
681 3509 843 3571 videntur.
887 3506 971 3570 Nam
990 3509 1108 3570 Eume·

69 3607 146 3668 niue
168 3608 202 3667 in
224 3627 376 3692 panegyr.
395 3611 432 3670 ad
450 3611 647 3674 Conslantin.
673 3611 754 3695 Aug.
775 3629 842 3692 cap.
861 3623 895 3687 7.
921 3609 977 3670 ubi
997 3629 1109 3672 earum

70 3709 238 3779 meminit,
267 3711 432 3792 tleincepe‚
455 3708 605 3804 stilum,
632 3713 753 3794 inquit,
773 3703 865 3803 sunt.
925 3711 1016 3796 Quae
1040 3713 1108 3794 qui·

9 3812 10 3816 ’
69 3808 146 3870 alem
174 3805 333 3874 dubitatio
359 3810 450 3875 facile
476 3827 526 3876 tot
550 3815 740 3877 testimoniis
764 3815 879 3896 apertis
902 3799 1107 3878 conuellitur.

69 3911 212 3994 Quidam
235 3925 348 3994 putant
370 3915 429 3977 esse
454 3915 488 3978 h.
513 3913 625 3979 insulae
651 3915 813 3980 Madeiro.
863 3915 925 3978 Sed
952 3915 973 3976 si
997 3913 1107 3977 Sebost

67 4013 163 4075 litum
186 4025 220 4078 et
238 4015 378 4080 rationee
398 4017 579 4092 audiamur,
606 4017 721 4101 quibua
740 4037 784 4086 to
801 4017 868 4082 mil.
887 4013 960 4102 pall.
978 4035 995 4080 a
1011 4015 1106 4081 Gadi·
