2696 4896
314 377 375 444 168
580 381 739 441 NOTAE
780 381 1083 441 exuentem

315 573 383 623 tate
401 569 494 622 certa.
537 556 622 618 Hinc
635 575 713 619 vero
729 559 767 620 ad
783 559 913 620 Vibium
929 559 1063 621 aliorum
1080 569 1188 620 enatae
1204 556 1270 618 sunt
1283 558 1329 620 dir·

316 662 518 746 potationes.
539 679 616 740 quae
631 662 715 721 notis
731 663 867 723 intexuit
882 661 1055 723 Oberlinue
1071 681 1105 742 p.
1119 671 1181 736 151
1203 659 1260 741 sqq.
1289 657 1329 724 Οἱ

181 820 187 830 .
317 764 414 826 etiam
429 761 577 824 Barthine
591 761 630 822 ad
645 761 809 826 Claudian.
825 762 960 825 debello
975 763 1149 824 Gildonico
1165 782 1196 823 v.
1212 775 1265 840 51.
1286 761 1330 822 ubl

318 878 426 926 tamen
460 881 519 944 pro
548 861 656 924 Oaxes
689 864 838 926 Heinfiue
871 884 910 926 ex
943 865 1032 926 libris
1070 862 1214 944 pluribus
1244 875 1330 924 tuetur

317 969 453 1030 Araxes.
505 963 673 1026 Boccatsue
696 966 736 1027 de
758 965 946 1029 fluminibus
967 964 988 1028 s.
1007 987 1038 1027 v.
1066 965 1164 1026 Otutie
1186 964 1330 1034 velotius,

318 1067 375 1130 ubi
392 1066 515 1128 Melam
538 1067 670 1148 repetit,
697 1067 737 1128 de
752 1066 855 1128 nostro
872 1067 945 1129 Oxo
961 1079 1076 1129 narrat.
1133 1065 1241 1126 Oaxus
1255 1067 1330 1125 etiam

319 1169 363 1232 ell
379 1169 413 1229 in
428 1167 587 1229 Martiano
603 1167 730 1250 Capella
743 1168 798 1230 lib.
816 1169 849 1232 6.
871 1187 902 1251 p.
921 1181 1005 1245 993.
1034 1169 1093 1228 ubi
1114 1167 1166 1226 alil
1184 1165 1280 1234 Oxus.
1305 1177 1330 1226 et

321 1269 454 1333 Grotius
469 1269 540 1330 vult
558 1268 660 1330 Oaxis
674 1289 712 1330 ex
727 1269 798 1334 MS.
841 1271 879 1331 ln
895 1271 963 1330 lacu
982 1269 1056 1331 Oxo
1071 1271 1149 1330 oriri
1166 1269 1252 1327 tradit
1264 1269 1329 1328 Pliu.

323 1373 358 1442 6.
378 1383 435 1449 ¹8·
458 1369 479 1433 s.
500 1367 554 1434 16.
579 1382 612 1431 et
634 1391 673 1432 ex
694 1390 734 1433 eo
755 1371 857 1434 Solln.
877 1384 933 1449 59.
955 1369 975 1432 s.
993 1381 1054 1452 49.
1092 1356 1233 1451 Ὠξιαιὴ
1254 1364 1329 1454 λίμνῃ

320 1473 504 1536 Ptolemaeo
521 1473 553 1542 6,
572 1489 628 1534 te.
652 1472 685 1531 in
698 1465 875 1557 'Sogdiana
927 1475 968 1534 At
984 1493 1057 1534 cum
1074 1492 1131 1554 per
1145 1469 1174 1531 se
1194 1471 1224 1529 id
1244 1471 1288 1528 vix
1303 1469 1330 1526 lit

323 1573 492 1644 credibile,
526 1588 595 1634 tum
619 1572 824 1636 Ptolemaeus
846 1575 955 1644 docet,
988 1575 1082 1634 illum
1105 1569 1329 1634 lacrimaflnrio

322 1675 422 1746 effici.
449 1675 564 1755 quiex
586 1673 711 1758 Sogdiie
733 1677 896 1737 montibus
918 1673 1096 1736 descendat.
1147 1675 1229 1733 Hinc
1247 1669 1330 1731 suntet

322 1777 660 1859 ulteriusquaerendi,
691 1797 753 1858 quo
770 1778 871 1838 etalii
887 1777 1019 1838 ducunt.
1074 1773 1241 1838 Caucasum
1259 1789 1329 1830 mon-

321 1893 389 1942 tem
406 1878 525 1940 habent
540 1877 655 1957 Polyb.
672 1897 726 1948 ιο,
742 1888 802 1955 48.
819 1891 852 1939 et
866 1879 985 1941 Arriae.
1001 1879 1040 1938 de
1055 1897 1128 1960 exp.
1149 1877 1231 1936 illex.
1247 1888 1274 1952 3.
1285 1887 1329 1948 99.

321 1981 462 2046 Ptolem.
482 1981 515 2050 6,
537 1995 591 2041 ι9.
620 1979 865 2042 Macedonicum
878 1999 994 2061 nempe
1009 1980 1113 2048 illum.
1134 1995 1227 2059 quem
1240 1971 1328 2034 diserte

322 2102 341 2144 a
361 2081 498 2143 Pontico
516 2079 680 2164 dillinguit
701 2080 766 2163 ipse
785 2091 817 2158 5.
836 2093 870 2158 5.
894 2095 927 2142 et
945 2080 1057 2143 diserte
1076 2092 1110 2158 5.
1130 2094 1163 2158 3.
1187 2097 1239 2158 per
1257 2076 1329 2136 Paro·

322 2180 479 2266 pamisum
503 2181 647 2262 explicat.
706 2185 809 2264 Atque
835 2201 875 2245 eo
909 2184 1006 2243 etlam
1039 2175 1128 2242 ducit
1159 2178 1329 2242 Ptolemaeut

324 2284 359 2355 6,
388 2301 444 2347 11.
487 2278 537 2345 cf.
560 2284 597 2344 ed
621 2281 740 2344 Melam
763 2307 791 2355 1.
819 2295 871 2360 15.
895 2301 928 2346 9.
982 2284 1124 2346 Ulterius
1155 2301 1193 2342 ex
1226 2275 1328 2339 Emodo

322 2397 437 2446 monte
453 2383 542 2444 ducit
557 2383 688 2464 Dionys.
707 2407 739 2447 v.
760 2393 844 2468 747.
870 2399 991 2446 etcum
1009 2403 1048 2446 eo
1064 2382 1211 2444 Priscian.
1228 2400 1254 2440 v.
1265 2383 1328 2452 72ss

322 2483 443 2550 Procul
467 2497 574 2546 tamen
605 2485 734 2548 Emodo
762 2499 874 2548 monte
900 2488 921 2546 i.
946 2504 976 2548 e.
1004 2486 1087 2547 baud
1122 2486 1216 2566 longe
1239 2480 1327 2540 brien.

322 2607 357 2650 v.
381 2587 466 2666 996.
516 2587 721 2650 Recentioree
755 2589 789 2648 in
822 2585 966 2649 sontibus
998 2588 1148 2648 notandis
1180 2585 1329 2643 memorant

322 2701 452 2750 montee
476 2687 598 2748 Belur·
615 2688 728 2768 Tagler
753 2689 954 2770 primumque
977 2690 1044 2750 eine
1068 2707 1189 2750 nomen
1209 2679 1330 2742 adserunt

322 2788 462 2852 Horror.
497 2789 569 2850 Vid.
587 2787 721 2851 Borbelt
741 2789 832 2851 dilen
856 2789 896 2852 T.
916 2806 948 2852 9.
974 2809 1044 2872 pag.
1064 2805 1148 2867 279.
1205 2773 1330 2846 Incursu

285 2877 288 2880 ¹
324 2890 445 2951 dividit
465 2889 602 2973 Sogdioe
623 2889 773 2970 (Dionys.
796 2911 829 2952 v.
848 2901 932 2970 747.
955 2903 1076 2952 etcum
1098 2909 1138 2952 eo
1162 2885 1292 2949 Priscian.
1306 2889 1330 2937 et

321 2991 468 3056 Avienus
484 3010 529 3051 cc.
545 2991 597 3067 ll.)
619 2993 672 3052 vel
696 2993 803 3074 potiue
824 2992 946 3053 dirimit
969 2992 1165 3052 Bactrianam
1180 3001 1210 3050 et
1224 2980 1330 3065 Sogdia

323 3112 408 3162 nam.
424 3089 555 3175 (Strabo
571 3109 603 3154 2.
620 3113 652 3172 p.
665 3105 724 3169 5⁰·
737 3092 758 3156 s.
771 3085 829 3172 73.
859 3112 913 3157 ιι.
933 3115 964 3174 p.
980 3103 1063 3174 554.
1076 3091 1096 3155 s.
1109 3105 1130 3169 5
1141 3115 1151 3150 ι
1162 3105 1192 3170 5.
1209 3101 1239 3151 et
1254 3073 1330 3157 alibi)

322 3193 499 3255 Derbioum
517 3195 641 3268 medioe
659 3195 738 3257 finee
755 3193 844 3264 secat.
863 3194 960 3275 (Plin.
975 3196 1007 3264 6,
1027 3188 1198 3273 18.s.16.)
1222 3200 1251 3249 et
1262 3187 1330 3245 iuxta

321 3295 515 3372 Hyrcaniam
535 3296 570 3354 in
593 3314 678 3357 mare
701 3295 848 3377 Caspium
870 3296 992 3364 inlluit.
1019 3295 1160 3372 (Arrien.
1178 3295 1216 3354 de
1235 3279 1329 3367 expes·

322 3395 410 3457 Alex.
432 3407 464 3470 3.
486 3411 544 3473 99.
577 3395 678 3457 Solin.
702 3396 939 3476 c.ar.s.17.)
966 3395 1022 3456 ubi
1045 3395 1157 3457 Noller
1173 3392 1257 3476 ponir
1277 3375 1329 3465 pos

322 3497 478 3560 Amardos
494 3509 526 3558 et
543 3495 696 3566 Paelicae.
724 3499 763 3558 de
779 3498 894 3578 quibua
908 3511 980 3559 ante
997 3495 1187 3558 dictumest.
1224 3483 1330 3564 Excipit

320 3597 427 3680 plures
452 3596 587 3668 fluvios,
614 3589 761 3688 (incursu
794 3600 927 3660 aliorum
958 3598 1111 3678 grandior
1132 3591 1237 3675 Melo)
1267 3599 1329 3666 q1¹⁰⁸

321 3711 481 3760 memorat
510 3698 712 3764 Ptolemaeus
746 3701 779 3760 in
810 3701 920 3780 primis
948 3702 980 3769 6.
1014 3719 1068 3760 ιο.
1095 3713 1129 3759 et
1158 3719 1209 3757 ιι.
1235 3690 1328 3766 aliique

319 3793 443 3881 paffim.
487 3799 525 3858 ln
547 3801 587 3860 iis
609 3796 818 3870 [unrochus.
845 3799 977 3884 (Strabo
1002 3820 1056 3862 ιι.
1078 3820 1109 3883 p.
1129 3811 1209 3876 551.
1226 3793 1243 3853 s·
1261 3799 1325 3866 509·

318 3900 482 3963 Ammian.
501 3913 559 3978 25.
579 3901 612 3964 6.
628 3921 660 3980 p.
680 3917 762 3980 999.
781 3899 904 3980 Gron.)
933 3901 992 3982 etsi
1011 3900 1050 3963 de
1071 3887 1254 3962 confluentis
1272 3891 1327 3949 1⁰⁶⁰

322 4001 517 4082 disputatum
544 3999 588 4062 eli
618 4014 745 4064 auctore
774 4001 929 4064 Strabone
952 4024 1004 4064 ιι.
1028 4021 1098 4085 pag.
1123 3993 1325 4078 357,[·613·

320 4093 493 4194 Zariaspa.
517 4100 644 4189 (Strabo
667 4123 721 4165 ιι.
740 4125 771 4188 p.
791 4105 875 4184 356.
891 4103 912 4166 s.
931 4100 1031 4189 516.)
1058 4105 1112 4186 qui
1127 4087 1282 4190 Zariaspis
1294 4081 1328 4148 tls
