2696 4896
167 434 224 494 nr
252 435 387 492 ιοιιι.
416 433 524 492 urar.
564 433 673 494 Lm.
715 432 807 496 cv.
850 434 930 504 cc.
1013 445 1072 513 ¹45

34 608 216 675 unhrains
238 609 278 670 ad
302 605 487 687 Diouyl.‘v.
505 619 588 686 759.
612 623 731 668 nomen
753 607 900 689 explicat.
928 597 971 685 ὣς
990 604 1073 674 ἄπα.

40 700 133 799 ρι’ξας
147 705 213 798 τὴν
228 706 398 794 eurigena
415 707 480 772 τῶν
495 705 560 772 ἐκεῖ
575 703 657 796 c'puiv
672 699 728 772 καὶ
746 699 879 784 διικδὺς.
907 710 959 772 Sic
973 714 1071 776 etiam

34 812 141 876 Strabo
162 831 223 876 at.
248 831 319 894 pag.
339 813 421 890 565.
440 809 461 874 l.
477 821 562 888 531.
587 810 738 892 etSteph.
777 829 810 872 ιι
827 809 847 872 s.
868 832 900 874 v.
921 801 1069 900 ’Apu'firyn

30 913 241 976 hmilitudine
263 914 354 974 ducta
372 933 387 972 a
404 913 530 981 Peneo,
556 913 611 996 qui
633 911 729 973 etiam
747 912 824 972 olim
839 913 954 976 Araxea
974 912 1071 978 luerit

29 1029 181 1084 recatus.
218 1015 311 1096 quia.
356 1012 426 1074 offa
463 1013 670 1095 Olympoque
704 1013 869 1090 mentibus
901 1019 1069 1099 perruptis.

27 1118 155 1198 Tempe
171 1099 324 1178 effecerit.
348 1116 400 1176 Sic
409 1113 669 1194 Schol.Aelchyli
685 1115 725 1174 arl
741 1115 904 1178 Prometh.
921 1119 1068 1180 vinctum

27 1237 56 1278 r.
74 1220 166 1292 716.
184 1219 309 1279 derivat
323 1210 388 1278 αἰιό
404 1213 464 1280 τοῦ
483 1211 624 1302 α’ριὶσσω.
652 1215 822 1278 Auctorem
841 1219 909 1279 eiua
926 1221 1069 1284 neminie

26 1317 98 1380 lacit
113 1319 235 1382 Strabo
249 1321 437 1388 maenum,
460 1316 577 1380 larionis
593 1319 757 1379 comitem.
801 1319 988 1381 Plutarchus
1004 1309 1066 1384 c.'l.

26 1439 153 1483 numen
177 1421 275 1482 etiam
291 1418 331 1480 ab
352 1419 462 1488 Araxe,
489 1419 711 1481 Armeniorum
733 1437 817 1502 rege.
845 1423 938 1501 petit,
964 1419 1069 1502 quise

25 1525 58 1584 in
73 1542 154 1582 eum
170 1523 319 1604 proiecit,
335 1539 408 1580 cum
425 1532 499 1582 ante
515 1519 666 1581 Halumm
680 1521 834 1584 vocarint.
860 1522 944 1584 Ante
961 1535 1068 1585 tamen

25 1625 123 1686 mam
145 1624 305 1684 Baccnrm
328 1634 477 1682 vocatum
500 1619 560 1684 elle
579 1621 709 1684 dixerat.
761 1623 811 1683 De
830 1625 899 1684 eitra
924 1621 1068 1688 fontibut

28 1739 59 1787 et
80 1724 176 1787 eursu
211 1726 246 1784 in
275 1724 386 1804 primia
411 1723 536 1784 Plinius
558 1725 591 1793 6,
620 1743 676 1786 ιο.
736 1721 847 1784 Oritur
878 1743 917 1786 ex
950 1725 1066 1788 eodem

28 1840 151 1896 monte,
168 1843 236 1907 quo
252 1823 437 1905 Euphrates,
455 1825 478 1886 6
494 1823 542 1887 Μ.
554 1825 588 1888 P.
606 1823 785 1888 intervallo.
813 1822 942 1887 Orosius
952 1825 985 1895 6.
995 1835 1030 1904 4.
1042 1825 1066 1890 f.

27 1925 115 1988 addit
139 1924 276 2016 diversa
289 1917 456 2016 specubus.
498 1923 548 1988 Cf.
568 1927 664 1988 etiam
679 1923 839 1987 Plutarch.
857 1927 890 1986 in
909 1925 1066 2009 Pompeio

27 2049 89 2111 cap.
111 2041 175 2108 55.
221 2029 284 2088 Alii
302 2027 481 2107 simpliciter
497 2045 535 2088 ex
552 2027 701 2089 Armenia
717 2026 818 2088 delabi
837 2023 990 2100 scribunt,
1018 2030 1069 2091 uti

1 2196 2 2199 ,
26 2130 187 2192 Plutarch.
212 2129 290 2190 ibid.
314 2148 380 2210 cap.
400 2137 458 2208 34.
492 2129 613 2190 Arrian.
638 2130 677 2190 de
700 2131 814 2210 exped.
835 2129 924 2192 Alex.
949 2143 981 2204 7.
1009 2133 1066 2195 16.

1 2285 2 2290 ,
27 2231 124 2294 Abram
143 2251 223 2292 eum
239 2229 299 2290 elle
315 2242 462 2298 montem
477 2227 590 2292 diserte
607 2227 702 2292 refert
719 2229 831 2292 Strabo
854 2249 909 2294 tt.
931 2250 963 2311 p.
982 2232 1066 2308 363.

1 2359 2 2362 ¹
28 2331 148 2411 l.527.
194 2329 246 2396 Cf.
268 2331 363 2392 etiam
386 2331 470 2394 Plin.
498 2343 530 2406 5.
558 2349 614 2392 9ο.
638 2331 658 2394 l.
678 2343 736 2409 94.
764 2345 796 2392 et
816 2350 894 2410 quae
917 2329 1004 2412 supra
1027 2333 1068 2396 de

28 2435 194 2516 Euphrate
214 2445 321 2494 notata
345 2429 424 2494 lunt.
476 2431 578 2494 Prave
593 2424 695 2498 ”Atros
712 2435 895 2493 nominatur
908 2431 946 2492 ab
963 2433 1067 2496 Eusta-

28 2535 93 2598 thio
110 2538 150 2597 ad
173 2531 310 2612 Dionys.
326 2553 359 2594 v.
376 2542 460 2612 988.
496 2535 546 2594 De
561 2535 724 2614 utrimque
736 2531 882 2595 lontibue
897 2553 935 2594 ex
950 2535 1066 2598 eodem

29 2653 139 2699 monte
156 2635 208 2698 cf.
219 2637 316 2698 etiam
332 2631 528 2696 Tour'nelort
543 2650 666 2719 voyage
681 2637 721 2697 T.
740 2648 771 2710 3.
788 2635 882 2696 lettre
902 2653 954 2714 ¹9·
972 2657 1005 2718 p.
1020 2653 1065 2700 m.

31 2753 110 2818 993.
135 2734 289 2823 (Lyon.)
341 2737 440 2798 initio
460 2735 600 2798 deflectit
621 2737 778 2798 orientem
796 2734 906 2797 versut
928 2735 1067 2801 adlinet

30 2840 156 2901 Mediae
189 2839 416 2920 Atropatenae.
456 2839 542 2898 unde
571 2839 769 2899 convertitur
798 2837 837 2898 ad
865 2836 1007 2900 ‹tccaium
1033 2853 1068 2900 et

29 2939 302 3024 leptemtrionem.
333 2937 467 3022 (Strabo
489 2959 543 2999 ιι.
560 2959 591 3020 p.
606 2943 688 3017 363.
707 2938 726 2998 l.
746 2951 829 3014 597.
855 2938 1014 3000 Plutarch.
1030 2939 1065 3000 in

29 3042 188 3125 Pompeio
204 3062 270 3122 cap.
288 3038 368 3120 53.)
420 3040 514 3108 Hinc,
538 3043 625 3120 quod
643 3041 767 3100 Mediae
788 3039 888 3120 aliqua
909 3053 999 3122 parte
1013 3041 1065 3100 ad·

29 3144 160 3214 labitur,
201 3142 341 3202 Mediam
367 3154 399 3200 et
422 3141 605 3202 Armeniam
635 3141 847 3204 diaternrinari
874 3141 911 3200 ab
935 3160 974 3202 eo
998 3139 1066 3200 lcri·

30 3244 108 3306 hunt
127 3245 217 3307 Pliu.
233 3245 265 3314 6,
289 3243 342 3304 16.
362 3239 381 3302 l.
401 3255 454 3319 ¹3·
480 3243 593 3304 Strabo
613 3261 667 3306 ιι.
690 3264 722 3325 p.
742 3243 823 3320 360.
842 3237 863 3303 s.
879 3253 964 3319 523.
990 3241 1065 3301 Plu·

32 3347 126 3410 tarch.
141 3349 178 3406 in
200 3343 342 3406 Antonio
359 3361 386 3404 c.
402 3353 463 3420 49.
498 3345 578 3405 inde
593 3343 665 3404 fluit
680 3364 736 3426 per
751 3344 936 3404 Armeniam
950 3343 1063 3418 (Mela,

34 3447 143 3509 Strabo
167 3467 223 3508 ιι.
247 3465 277 3526 p.
297 3459 380 3522 359.
405 3441 424 3504 l.
443 3453 530 3522 491.
553 3446 689 3526 aliique)
714 3443 971 3528 praeterfluitque
995 3430 1064 3506 eiua

33 3551 164 3630 oppida.
199 3549 347 3615 Azaram,
373 3546 532 3615 Artaxata.
555 3547 685 3624 (Strabo
707 3566 761 3608 ιι.
784 3568 817 3628 p.
838 3546 922 3622 363.
940 3541 962 3607 l.
978 3556 1063 3620 597.

33 3649 112 3710 Pliu.
136 3651 171 3720 6,
198 3649 276 3726 ιο.)
315 3661 347 3708 et
371 3665 427 3728 per
458 3633 634 3734 Ἀριιέιιιὸν
659 3643 767 3710 πεδίον
791 3643 894 3707 effluit
920 3645 953 3705 iu
978 3665 1063 3707 mare

35 3751 192 3834 Caspium.
231 3747 344 3812 Strabo
366 3768 419 3808 ιι.
437 3767 464 3808 c.
482 3747 502 3806 l.
530 3751 614 3828 quoti
632 3751 708 3818 inde
725 3765 846 3809 nomen
862 3743 982 3808 traxille
997 3747 1064 3828 poll

35 3851 142 3922 refert,
168 3851 254 3934 quod
277 3853 449 3916 Armenm.
476 3849 505 3906 T
507 3869 601 3932 empe
619 3851 817 3917 imitaturrre.
843 3865 960 3908 cavum
981 3869 1061 3910 mea·

37 3966 99 4014 tum
131 3955 178 4014 illi
201 3953 369 4034 aperuerit.
413 3949 542 4011 solinus
567 3969 634 4032 cap.
659 3963 711 4028 ¹5·
740 3949 760 4012 l.
780 3966 839 4012 20.
872 3947 955 4009 male
981 3953 1064 4032 cepit

37 4056 128 4118 Plinii
146 4055 255 4115 locum
274 4049 306 4122 6.
329 4072 383 4114 ιο.
406 4050 485 4110 dum
503 4071 541 4111 ex
554 4051 797 4114 Heniochorum
812 4048 977 4112 montibu·
989 4055 1063 4114 oriri

38 4155 152 4228 lrribit‚
186 4167 219 4216 et
243 4153 394 4215 brevibua
417 4152 593 4216 intervallis
617 4151 656 4218 ab
680 4153 851 4238 Euphrati·
875 4165 949 4218 orttt
971 4171 1063 4238 caput

77 4273 175 4348 Pomp.
185 4269 279 4326 Mela·
296 4269 412 4342 Exeget.
428 4265 465 4324 L·
476 4266 529 4323 111.
777 4255 809 4318 K
855 4301 859 4308 ·
