2696 4896
187 418 238 477 ru
265 413 402 476 roma.
431 415 540 474 999.
581 413 692 474 cnr.
734 413 826 478 cv.
868 415 947 488 ic·
1024 411 1084 496 rc,

37 592 108 656 vicl.
128 589 297 654 Drakenb.
317 589 356 652 ad
371 579 443 652 [iv.
463 602 522 670 59,
541 607 572 660 ι,
587 601 621 668 5.
638 601 672 652 et
690 603 770 672 quoe
782 589 942 673 producit.
965 589 1086 672 quibua

1 771 2 778 ἵ
39 695 127 756 adde
144 671 333 756 Abramium
350 694 389 753 ad
408 691 477 754 Cic.
493 693 533 752 de
553 691 700 773 provinc.
718 689 837 755 conlui.
853 711 881 756 c.
898 707 932 772 3.
960 693 1085 758 Manut.

44 799 83 858 ad
102 795 210 858 Cicer.
227 813 286 876 pro
300 793 417 858 Coelio
434 811 461 854 e.
476 801 513 871 4.
538 804 571 854 et
586 794 621 856 in
636 793 747 875 primia
763 789 904 856 Gellium
917 813 952 876 9,
968 810 1022 857 ι9.
1040 796 1085 856 in.

42 897 100 960 abi
125 897 170 958 de
186 909 320 977 utraque
337 893 427 957 verbi
442 895 476 955 vi
494 894 597 956 activa
611 907 645 957 et
665 890 798 978 paffira.
838 897 888 959 De
905 895 971 980 ipio
988 893 1088 968 19919,

43 1019 110 1082 qno
126 1012 164 1060 et
178 989 348 1091 infestare,
375 995 444 1059 vid.
465 996 506 1059 ad
528 1017 557 1068 r,
579 1018 608 1067 r.
626 1011 660 1060 9.

122 1197 344 1282 proiecto)
394 1200 422 1264 1.
445 1218 474 1262 e.
494 1211 651 1280 porrecta.
684 1198 737 1262 Sic
758 1197 871 1283 Nepoa
892 1201 926 1261 in
948 1200 1089 1264 Chabria
1185 1191 1193 1218 '

44 1322 117 1384 cap.
140 1323 171 1365 ι.
186 1314 219 1364 et
236 1302 324 1364 alibi.
359 1300 431 1362 Vid.
448 1299 487 1360 ad
505 1298 624 1382 Nepot.
641 1319 670 1362 c.
684 1300 707 1364 l.
734 1301 910 1382 Burmann.
929 1304 967 1361 ad
986 1301 1088 1366 Valet.

45 1406 153 1467 flacc.
173 1414 207 1482 4.
225 1405 308 1478 968.
336 1399 503 1464 Muncker.
520 1402 559 1462 ad
575 1402 696 1486 Hygia.
711 1402 746 1463 in
767 1416 854 1485 poet.
876 1401 989 1468 astron.
1006 1415 1038 1482 3,
1055 1414 1090 1482 5.

45 1507 99 1568 Ad
135 1503 259 1566 lenium
294 1504 434 1564 similiter
467 1503 645 1566 lornandet
678 1503 719 1566 de
758 1504 854 1568 rebue
886 1503 1088 1588 Langobard.

52 1627 84 1677 r.
108 1607 143 1670 6.
165 1607 210 1670 in.
238 1605 365 1669 Contra
388 1602 611 1666 occidentalem
637 1617 772 1686 portem,
794 1604 835 1694 (9
855 1601 1092 1692 scandinavia)

46 1729 116 1792 quc
125 1704 205 1801 sane
218 1705 288 1800 fine
310 1705 469 1768 oceanum
489 1705 618 1788 pelagus
638 1717 742 1788 potet.

127 1899 454 2002 circumfusum)
502 1907 575 1972 vin.
599 1907 640 1970 ad
666 1929 696 1982 ι,
725 1929 754 1981 ι,
778 1923 814 1974 n.

127 2111 351 2175 Metellum
386 2109 589 2193 Celerem)
646 2111 822 2175 Pelloutier
846 2111 881 2174 in
906 2111 973 2176 dill.
1004 2109 1095 2198 super

53 2213 117 2276 boc
139 2214 215 2276 loco
237 2213 326 2298 (vid.
342 2211 470 2275 hilloire
492 2213 531 2274 ele
548 2212 567 2272 l·
576 2212 739 2276 academie
757 2212 813 2276 dee
836 2211 972 2278 lciencee
986 2249 1038 2264 -
1053 2216 1094 2280 de

55 2317 170 2378 Berlin
192 2315 234 2377 T.
257 2335 285 2378 r.
307 2312 461 2398 p.178.)
482 2315 665 2385 contendit,
692 2315 832 2376 eundem
854 2317 979 2378 llomae
1003 2313 1093 2380 inille
1133 2320 1136 2338 ¹

55 2433 258 2500 praetorem,
292 2415 447 2479 Cicerone
472 2414 622 2487 consule,
658 2416 693 2476 in
724 2415 815 2478 cuiue
839 2417 935 2480 fidem
969 2419 1097 2504 adlegat

53 2521 205 2581 Dionem
224 2531 281 2596 37,
300 2533 359 2592 27.
383 2516 484 2579 Cicer.
504 2516 634 2580 Catilin.
655 2539 684 2588 r,
708 2535 762 2596 ¹9·
790 2517 894 2580 Cicer.
919 2520 958 2580 ad
979 2519 1095 2584 divers.

58 2633 92 2699 5.
111 2637 150 2684 9.
173 2632 206 2681 et
225 2615 485 2700 proconsulatum
501 2619 622 2680 Galliae
636 2613 754 2704 gell'tlle
770 2637 856 2682 anno
870 2619 940 2702 poll
956 2619 1097 2683 confula-

1 2719 2 2722 ’
57 2735 130 2784 tum
150 2721 331 2788 Ciceronit,
357 2738 386 2782 9.
405 2721 443 2781 U.
464 2719 502 2786 C.
520 2721 604 2799 699.
625 2721 668 2784 D.
691 2721 786 2783 lunio
808 2721 917 2784 Silano
939 2733 971 2782 et
994 2723 1029 2784 L.
1047 2723 1098 2784 Li·

59 2825 149 2886 cinio
168 2821 307 2884 Muteno
325 2821 409 2884 CSS.
442 2818 493 2884 ef.
510 2820 578 2883 Cic.
594 2823 633 2882 ad
649 2820 764 2884 divers.
784 2833 817 2900 5,
842 2835 875 2885 9.
928 2821 1097 2886 Metellum

60 2926 212 2989 Celerem
232 2923 330 2985 etiam
345 2923 377 2982 in
396 2921 456 2986 hae
469 2925 651 2985 narratione
664 2926 813 2986 nominat
826 2923 912 2985 Plin.
932 2940 964 2995 9,
983 2925 1042 3001 67.
1064 2939 1100 2989 at

60 3028 102 3090 de
122 3026 242 3089 eodem
259 3024 426 3108 intelligit,
452 3042 516 3106 quo
534 3023 723 3095 Pelloutier‚
749 3025 875 3088 Manui.
893 3026 931 3087 ad
948 3026 1098 3092 Ciceroo.

60 3129 99 3190 ad
115 3123 232 3190 divers.
251 3135 283 3203 5,
305 3147 334 3188 ι.
370 3126 468 3186 Addit
487 3125 619 3195 Plinius.
638 3127 779 3188 eundem
792 3126 828 3202 L.
840 3124 961 3189 Afranii
977 3129 1011 3189 in
1025 3148 1100 3190 con·

60 3228 168 3291 iulato
188 3229 347 3312 collegam
362 3223 459 3297 fuille,
480 3227 534 3308 qui
548 3225 608 3288 luit
622 3247 725 3289 annue
737 3228 776 3291 U.
793 3227 831 3290 C.
841 3228 924 3307 ⁶94·
939 3230 1101 3309 (Varron.)

1 3395 2 3398 ,
61 3345 270 3410 creatumque
294 3329 573 3391 commendatione
605 3328 763 3411 Pompeii.
791 3329 875 3406 (Dio
902 3343 959 3408 37.
984 3344 1043 3406 39.
1067 3347 1102 3392 et

1 3484 2 3490 ,
60 3433 148 3513 49.)
186 3431 262 3492 Fuit
284 3423 484 3516 φιλόπατρις
499 3443 531 3491 et
552 3441 666 3490 natura
682 3430 804 3500 bouus,
830 3430 945 3510 quibua
962 3431 1102 3493 nomini·

63 3533 128 3596 bue
144 3534 295 3592 laudatur
310 3551 328 3611 9
344 3531 499 3593 Cicerone
515 3531 554 3592 ad
568 3533 661 3592 Attio.
681 3547 713 3602 9,
737 3552 766 3594 ι.
799 3532 929 3594 Praetor
945 3531 1102 3596 Cicerone

64 3633 209 3698 Conlule
239 3633 359 3694 Piceno
391 3629 584 3712 praefectur,
624 3633 686 3694 iter
716 3633 875 3696 Catilinae
901 3633 935 3693 in
962 3633 1102 3694 Galliam

65 3736 313 3816 Transalpinam
327 3736 526 3816 properantia
543 3753 616 3794 cum
634 3735 775 3796 exercitu
789 3731 944 3795 inhibuit.
966 3733 1101 3810 (8911911.

65 3837 165 3901 Catil.
186 3856 255 3919 cap.
277 3848 335 3914 31.
358 3848 390 3896 et
413 3832 489 3919 59.)
540 3836 588 3896 Ex
614 3848 760 3917 praetura
785 3835 927 3896 obtinuit
954 3835 1104 3908 Galliam.

66 3959 96 4002 9.
113 3940 156 4001 U.
175 3939 260 4016 699.
285 3932 417 4019 (Van.)
440 3951 534 4016 atque
552 3937 590 3996 ad
607 3936 694 3998 huuc
707 3955 831 3997 annum
845 3933 954 3998 referri
976 3937 1105 4009 debent,

1 4046 2 4130 l
68 4059 154 4124 quae
178 4039 264 4100 Mela
286 4039 338 4097 hic
361 4033 466 4098 refert.
508 4039 577 4100 l'id.
602 4037 704 4100 daeo
735 4037 923 4120 Glandorpii
953 4039 1106 4102 onomall.

67 4163 144 4229 pag.
167 4155 247 4218 ¹7¹·
282 4139 379 4225 Quod
396 4137 619 4222 proconsulem
635 4153 745 4204 autem
761 4152 867 4214 vocat,
889 4141 947 4223 qui
959 4141 1108 4207 99991999
