<?xml version="1.0" encoding="UTF-8"?>
<!DOCTYPE html PUBLIC "-//W3C//DTD XHTML 1.0 Transitional//EN"
    "http://www.w3.org/TR/xhtml1/DTD/xhtml1-transitional.dtd">
<html xmlns="http://www.w3.org/1999/xhtml" xml:lang="en" lang="en">
 <head>
  <title>
</title>
<meta http-equiv="Content-Type" content="text/html;charset=utf-8" />
  <meta name='ocr-system' content='tesseract 3.04.00' />
  <meta name='ocr-capabilities' content='ocr_page ocr_carea ocr_par ocr_line ocrx_word'/>
</head>
<body>
  <div class='ocr_page' id='page_1' title='image "./pomponiimelaede03melagoog_0283.png"; bbox 0 0 2650 4896; ppageno 0'>
   <div class='ocr_carea' id='block_1_1' title="bbox 139 424 1052 500">
    <p class='ocr_par' dir='ltr' id='par_1_1' title="bbox 139 424 1052 500">
     <span class='ocr_line' id='line_1_1' title="bbox 139 424 1052 500; baseline 0.001 -17"><span class='ocrx_word' id='word_1_1' title='bbox 139 426 190 486; x_wconf 76' lang='lat' dir='ltr'><strong>ru</strong></span> <span class='ocrx_word' id='word_1_2' title='bbox 220 425 358 486; x_wconf 62' lang='lat' dir='ltr'><strong>uolut.</strong></span> <span class='ocrx_word' id='word_1_3' title='bbox 387 425 495 485; x_wconf 73' lang='grc' dir='ltr'><strong>ΜΗ.</strong></span> <span class='ocrx_word' id='word_1_4' title='bbox 534 424 643 484; x_wconf 84' lang='lat' dir='ltr'><strong>Lm.</strong></span> <span class='ocrx_word' id='word_1_5' title='bbox 686 425 808 490; x_wconf 62' lang='lat' dir='ltr'><strong>nvn.</strong></span> <span class='ocrx_word' id='word_1_6' title='bbox 848 425 928 500; x_wconf 52' lang='grc' dir='ltr'><strong>με.</strong></span> <span class='ocrx_word' id='word_1_7' title='bbox 990 437 1052 500; x_wconf 74' lang='lat'><strong>07⁷</strong></span> 
     </span>
    </p>
   </div>
   <div class='ocr_carea' id='block_1_2' title="bbox 13 589 1050 3425">
    <p class='ocr_par' dir='ltr' id='par_1_2' title="bbox 13 589 1050 3425">
     <span class='ocr_line' id='line_1_2' title="bbox 27 589 1050 681; baseline 0.005 -17"><span class='ocrx_word' id='word_1_8' title='bbox 27 597 81 667; x_wconf 79' lang='lat' dir='ltr'><strong>liii</strong></span> <span class='ocrx_word' id='word_1_9' title='bbox 99 599 220 662; x_wconf 85' lang='lat' dir='ltr'><strong>habent</strong></span> <span class='ocrx_word' id='word_1_10' title='bbox 238 599 370 674; x_wconf 71' lang='lat' dir='ltr'><strong>Parata.</strong></span> <span class='ocrx_word' id='word_1_11' title='bbox 395 615 434 661; x_wconf 93' lang='lat' dir='ltr'><strong>ut</strong></span> <span class='ocrx_word' id='word_1_12' title='bbox 452 595 537 662; x_wconf 86' lang='lat' dir='ltr'><strong>Plio.</strong></span> <span class='ocrx_word' id='word_1_13' title='bbox 559 601 594 672; x_wconf 86' lang='grc'><strong>6,</strong></span> <span class='ocrx_word' id='word_1_14' title='bbox 616 615 670 681; x_wconf 73' lang='lat'><strong>23.</strong></span> <span class='ocrx_word' id='word_1_15' title='bbox 687 599 708 664; x_wconf 87' lang='lat' dir='ltr'><strong>l.</strong></span> <span class='ocrx_word' id='word_1_16' title='bbox 728 618 786 666; x_wconf 86' lang='lat' dir='ltr'><strong>tto.</strong></span> <span class='ocrx_word' id='word_1_17' title='bbox 810 589 977 668; x_wconf 64' lang='lat' dir='ltr'><strong>oblinito</strong></span> <span class='ocrx_word' id='word_1_18' title='bbox 996 625 1050 668; x_wconf 85' lang='lat' dir='ltr'><strong>ex·</strong></span> 
     </span>
     <span class='ocr_line' id='line_1_3' title="bbox 27 697 1049 787; baseline 0.004 -21"><span class='ocrx_word' id='word_1_19' title='bbox 27 697 96 766; x_wconf 84' lang='lat' dir='ltr'><strong>cidit</strong></span> <span class='ocrx_word' id='word_1_20' title='bbox 110 698 228 764; x_wconf 86' lang='lat' dir='ltr'><strong>ultima</strong></span> <span class='ocrx_word' id='word_1_21' title='bbox 247 699 382 780; x_wconf 50' lang='lat' dir='ltr'><strong>syllaba</strong></span> <span class='ocrx_word' id='word_1_22' title='bbox 409 716 552 764; x_wconf 82' lang='lat' dir='ltr'><strong>attamen</strong></span> <span class='ocrx_word' id='word_1_23' title='bbox 572 698 662 764; x_wconf 87' lang='lat' dir='ltr'><strong>idem</strong></span> <span class='ocrx_word' id='word_1_24' title='bbox 683 705 795 787; x_wconf 89' lang='lat' dir='ltr'><strong>paullo</strong></span> <span class='ocrx_word' id='word_1_25' title='bbox 814 704 883 786; x_wconf 83' lang='lat' dir='ltr'><strong>post</strong></span> <span class='ocrx_word' id='word_1_26' title='bbox 897 707 1049 770; x_wconf 75' lang='lat' dir='ltr'><strong>Patalam</strong></span> 
     </span>
     <span class='ocr_line' id='line_1_4' title="bbox 27 799 1048 890; baseline 0.005 -25"><span class='ocrx_word' id='word_1_27' title='bbox 27 799 139 886; x_wconf 82' lang='lat' dir='ltr'><strong>repetit.</strong></span> <span class='ocrx_word' id='word_1_28' title='bbox 190 803 281 866; x_wconf 88' lang='lat' dir='ltr'><strong>Nam</strong></span> <span class='ocrx_word' id='word_1_29' title='bbox 298 823 414 866; x_wconf 70' lang='lat' dir='ltr'><strong>omnes</strong></span> <span class='ocrx_word' id='word_1_30' title='bbox 428 799 547 890; x_wconf 85' lang='lat' dir='ltr'><strong>reliqui</strong></span> <span class='ocrx_word' id='word_1_31' title='bbox 569 799 708 866; x_wconf 86' lang='lat' dir='ltr'><strong>insulam</strong></span> <span class='ocrx_word' id='word_1_32' title='bbox 723 801 850 868; x_wconf 80' lang='lat' dir='ltr'><strong>faciunt</strong></span> <span class='ocrx_word' id='word_1_33' title='bbox 863 807 1048 880; x_wconf 71' lang='lat' dir='ltr'><strong>Parnm.</strong></span> 
     </span>
     <span class='ocr_line' id='line_1_5' title="bbox 27 898 1046 989; baseline 0.006 -23"><span class='ocrx_word' id='word_1_34' title='bbox 27 902 112 989; x_wconf 85' lang='lat' dir='ltr'><strong>inque</strong></span> <span class='ocrx_word' id='word_1_35' title='bbox 131 923 169 966; x_wconf 90' lang='lat' dir='ltr'><strong>ea</strong></span> <span class='ocrx_word' id='word_1_36' title='bbox 189 906 312 966; x_wconf 82' lang='lat' dir='ltr'><strong>urbem</strong></span> <span class='ocrx_word' id='word_1_37' title='bbox 326 904 460 968; x_wconf 79' lang='lat' dir='ltr'><strong>Potula.</strong></span> <span class='ocrx_word' id='word_1_38' title='bbox 513 905 570 972; x_wconf 87' lang='lat' dir='ltr'><strong>Gr.</strong></span> <span class='ocrx_word' id='word_1_39' title='bbox 594 898 757 978; x_wconf 76' lang='grc' dir='ltr'>Πάταλα,</span> <span class='ocrx_word' id='word_1_40' title='bbox 784 909 857 978; x_wconf 84' lang='lat' dir='ltr'><strong>vel,</strong></span> <span class='ocrx_word' id='word_1_41' title='bbox 884 907 961 970; x_wconf 85' lang='lat' dir='ltr'><strong>telle</strong></span> <span class='ocrx_word' id='word_1_42' title='bbox 976 909 1046 972; x_wconf 83' lang='lat' dir='ltr'><strong>Ste-</strong></span> 
     </span>
     <span class='ocr_line' id='line_1_6' title="bbox 25 999 1045 1094; baseline 0.01 -28"><span class='ocrx_word' id='word_1_43' title='bbox 25 1006 167 1089; x_wconf 82' lang='lat' dir='ltr'><strong>planula.</strong></span> <span class='ocrx_word' id='word_1_44' title='bbox 182 1027 216 1070; x_wconf 87' lang='lat' dir='ltr'><strong>v.</strong></span> <span class='ocrx_word' id='word_1_45' title='bbox 242 1003 345 1068; x_wconf 87' lang='lat' dir='ltr'><strong>etiam</strong></span> <span class='ocrx_word' id='word_1_46' title='bbox 363 999 518 1094; x_wconf 66' lang='grc' dir='ltr'><strong>Πατᾰλι).</strong></span> <span class='ocrx_word' id='word_1_47' title='bbox 568 1007 612 1068; x_wconf 85' lang='grc' dir='ltr'><strong>Ει</strong></span> <span class='ocrx_word' id='word_1_48' title='bbox 633 1009 674 1070; x_wconf 82' lang='lat' dir='ltr'><strong>fic</strong></span> <span class='ocrx_word' id='word_1_49' title='bbox 691 1004 809 1070; x_wconf 82' lang='lat' dir='ltr'><strong>diserte</strong></span> <span class='ocrx_word' id='word_1_50' title='bbox 823 1008 960 1072; x_wconf 86' lang='lat' dir='ltr'><strong>Ptolem.</strong></span> <span class='ocrx_word' id='word_1_51' title='bbox 977 1013 1045 1076; x_wconf 67' lang='grc' dir='ltr'><strong>αἱ.</strong></span> 
     </span>
     <span class='ocr_line' id='line_1_7' title="bbox 24 1099 1046 1196; baseline 0.011 -30"><span class='ocrx_word' id='word_1_52' title='bbox 24 1103 136 1172; x_wconf 83' lang='lat' dir='ltr'><strong>lrriau.</strong></span> <span class='ocrx_word' id='word_1_53' title='bbox 152 1106 193 1168; x_wconf 89' lang='lat' dir='ltr'><strong>de</strong></span> <span class='ocrx_word' id='word_1_54' title='bbox 208 1127 287 1192; x_wconf 86' lang='lat' dir='ltr'>exp.</span> <span class='ocrx_word' id='word_1_55' title='bbox 302 1109 391 1170; x_wconf 82' lang='lat' dir='ltr'><strong>Alex.</strong></span> <span class='ocrx_word' id='word_1_56' title='bbox 401 1109 436 1180; x_wconf 87' lang='lat'><strong>6,</strong></span> <span class='ocrx_word' id='word_1_57' title='bbox 455 1117 509 1182; x_wconf 67' lang='grc' dir='ltr'><strong>ιθ,</strong></span> <span class='ocrx_word' id='word_1_58' title='bbox 525 1109 558 1171; x_wconf 87' lang='grc'><strong>6.</strong></span> <span class='ocrx_word' id='word_1_59' title='bbox 577 1099 623 1171; x_wconf 71' lang='grc' dir='ltr'><strong>τὰ</strong></span> <span class='ocrx_word' id='word_1_60' title='bbox 638 1100 806 1172; x_wconf 78' lang='grc' dir='ltr'>Πᾶτταλα</span> <span class='ocrx_word' id='word_1_61' title='bbox 820 1105 937 1173; x_wconf 78' lang='lat' dir='ltr'><strong>diserte</strong></span> <span class='ocrx_word' id='word_1_62' title='bbox 951 1110 1046 1196; x_wconf 74' lang='grc' dir='ltr'><strong><em>νῆσον</em></strong></span> 
     </span>
     <span class='ocr_line' id='line_1_8' title="bbox 24 1203 1047 1292; baseline 0.007 -22"><span class='ocrx_word' id='word_1_63' title='bbox 24 1203 108 1270; x_wconf 74' lang='lat' dir='ltr'><strong>edam</strong></span> <span class='ocrx_word' id='word_1_64' title='bbox 122 1207 287 1292; x_wconf 82' lang='lat' dir='ltr'><strong>adpellnt,</strong></span> <span class='ocrx_word' id='word_1_65' title='bbox 312 1225 351 1271; x_wconf 91' lang='lat' dir='ltr'><strong>nt</strong></span> <span class='ocrx_word' id='word_1_66' title='bbox 370 1223 463 1271; x_wconf 83' lang='lat' dir='ltr'><strong>antea</strong></span> <span class='ocrx_word' id='word_1_67' title='bbox 480 1209 607 1271; x_wconf 86' lang='lat' dir='ltr'><strong>urbem.</strong></span> <span class='ocrx_word' id='word_1_68' title='bbox 659 1209 739 1272; x_wconf 89' lang='lat' dir='ltr'><strong>lnde</strong></span> <span class='ocrx_word' id='word_1_69' title='bbox 761 1207 893 1275; x_wconf 84' lang='lat' dir='ltr'>ducitur</span> <span class='ocrx_word' id='word_1_70' title='bbox 909 1211 1047 1278; x_wconf 69' lang='grc' dir='ltr'><strong>Πιττα-</strong></span> 
     </span>
     <span class='ocr_line' id='line_1_9' title="bbox 23 1301 1045 1396; baseline 0.004 -24"><span class='ocrx_word' id='word_1_71' title='bbox 23 1301 87 1384; x_wconf 69' lang='grc' dir='ltr'><strong>λὲυς</strong></span> <span class='ocrx_word' id='word_1_72' title='bbox 102 1327 153 1392; x_wconf 84' lang='lat' dir='ltr'><strong>ap.</strong></span> <span class='ocrx_word' id='word_1_73' title='bbox 168 1307 302 1371; x_wconf 79' lang='lat' dir='ltr'><strong>Arrian.</strong></span> <span class='ocrx_word' id='word_1_74' title='bbox 315 1313 350 1382; x_wconf 87' lang='grc'><strong>6,</strong></span> <span class='ocrx_word' id='word_1_75' title='bbox 372 1325 427 1386; x_wconf 90' lang='grc' dir='ltr'><strong>ι7,</strong></span> <span class='ocrx_word' id='word_1_76' title='bbox 444 1329 478 1390; x_wconf 90' lang='lat'><strong>9.</strong></span> <span class='ocrx_word' id='word_1_77' title='bbox 513 1307 565 1376; x_wconf 84' lang='lat' dir='ltr'><strong>Cf.</strong></span> <span class='ocrx_word' id='word_1_78' title='bbox 583 1310 767 1394; x_wconf 77' lang='lat' dir='ltr'><strong>Stephanus</strong></span> <span class='ocrx_word' id='word_1_79' title='bbox 785 1312 818 1374; x_wconf 92' lang='lat' dir='ltr'><strong>h.</strong></span> <span class='ocrx_word' id='word_1_80' title='bbox 837 1333 869 1374; x_wconf 87' lang='lat' dir='ltr'><strong>v.</strong></span> <span class='ocrx_word' id='word_1_81' title='bbox 890 1310 950 1374; x_wconf 90' lang='lat' dir='ltr'><strong>nbi</strong></span> <span class='ocrx_word' id='word_1_82' title='bbox 967 1332 1045 1396; x_wconf 82' lang='lat' dir='ltr'><strong>gen·</strong></span> 
     </span>
     <span class='ocr_line' id='line_1_10' title="bbox 23 1407 1045 1498; baseline 0.004 -27"><span class='ocrx_word' id='word_1_83' title='bbox 23 1407 72 1471; x_wconf 80' lang='lat' dir='ltr'><strong>tile</strong></span> <span class='ocrx_word' id='word_1_84' title='bbox 91 1407 246 1472; x_wconf 79' lang='lat' dir='ltr'><strong>excidiffe</strong></span> <span class='ocrx_word' id='word_1_85' title='bbox 266 1425 362 1496; x_wconf 89' lang='lat' dir='ltr'><strong>putat</strong></span> <span class='ocrx_word' id='word_1_86' title='bbox 379 1412 558 1474; x_wconf 82' lang='lat' dir='ltr'><strong>Salmaliue.</strong></span> <span class='ocrx_word' id='word_1_87' title='bbox 601 1409 756 1475; x_wconf 72' lang='lat' dir='ltr'><strong>Arrianus</strong></span> <span class='ocrx_word' id='word_1_88' title='bbox 777 1423 811 1492; x_wconf 86' lang='grc'><strong>5,</strong></span> <span class='ocrx_word' id='word_1_89' title='bbox 831 1421 867 1493; x_wconf 75' lang='grc'><strong>4,</strong></span> <span class='ocrx_word' id='word_1_90' title='bbox 888 1427 920 1490; x_wconf 79' lang='lat'><strong>3.</strong></span> <span class='ocrx_word' id='word_1_91' title='bbox 946 1411 1045 1498; x_wconf 80' lang='lat' dir='ltr'><strong>origi·</strong></span> 
     </span>
     <span class='ocr_line' id='line_1_11' title="bbox 24 1507 1045 1598; baseline 0.01 -28"><span class='ocrx_word' id='word_1_92' title='bbox 24 1530 89 1572; x_wconf 87' lang='lat' dir='ltr'><strong>nem</strong></span> <span class='ocrx_word' id='word_1_93' title='bbox 101 1509 192 1574; x_wconf 78' lang='lat' dir='ltr'><strong>rotie</strong></span> <span class='ocrx_word' id='word_1_94' title='bbox 212 1531 256 1574; x_wconf 85' lang='lat' dir='ltr'><strong>ex</strong></span> <span class='ocrx_word' id='word_1_95' title='bbox 270 1509 383 1575; x_wconf 86' lang='lat' dir='ltr'><strong>ludica</strong></span> <span class='ocrx_word' id='word_1_96' title='bbox 398 1508 511 1595; x_wconf 85' lang='lat' dir='ltr'><strong>lingua</strong></span> <span class='ocrx_word' id='word_1_97' title='bbox 525 1509 671 1586; x_wconf 84' lang='lat' dir='ltr'><strong>derivat,</strong></span> <span class='ocrx_word' id='word_1_98' title='bbox 693 1507 731 1577; x_wconf 87' lang='lat' dir='ltr'><strong>in</strong></span> <span class='ocrx_word' id='word_1_99' title='bbox 748 1532 813 1598; x_wconf 83' lang='lat' dir='ltr'><strong>qua</strong></span> <span class='ocrx_word' id='word_1_100' title='bbox 834 1510 990 1596; x_wconf 76' lang='lat' dir='ltr'><strong>fignificat</strong></span> <span class='ocrx_word' id='word_1_101' title='bbox 1004 1508 1045 1580; x_wconf 76' lang='grc' dir='ltr'><strong>τὸ</strong></span> 
     </span>
     <span class='ocr_line' id='line_1_12' title="bbox 25 1608 1044 1699; baseline 0.003 -24"><span class='ocrx_word' id='word_1_102' title='bbox 25 1608 120 1676; x_wconf 73' lang='grc' dir='ltr'><strong>Δέλτα</strong></span> <span class='ocrx_word' id='word_1_103' title='bbox 142 1613 369 1686; x_wconf 85' lang='lat' dir='ltr'><strong>Graecorum,</strong></span> <span class='ocrx_word' id='word_1_104' title='bbox 403 1611 497 1678; x_wconf 83' lang='lat' dir='ltr'><strong>cuiue</strong></span> <span class='ocrx_word' id='word_1_105' title='bbox 518 1612 659 1676; x_wconf 80' lang='lat' dir='ltr'><strong>formam</strong></span> <span class='ocrx_word' id='word_1_106' title='bbox 681 1609 802 1677; x_wconf 81' lang='lat' dir='ltr'><strong>efficiat</strong></span> <span class='ocrx_word' id='word_1_107' title='bbox 823 1611 937 1677; x_wconf 80' lang='lat' dir='ltr'><strong>insula.</strong></span> <span class='ocrx_word' id='word_1_108' title='bbox 962 1612 1044 1699; x_wconf 86' lang='lat' dir='ltr'><strong>(ubi</strong></span> 
     </span>
     <span class='ocr_line' id='line_1_13' title="bbox 27 1709 1044 1804; baseline 0.004 -30"><span class='ocrx_word' id='word_1_109' title='bbox 27 1709 143 1796; x_wconf 80' lang='lat' dir='ltr'><strong>quidam</strong></span> <span class='ocrx_word' id='word_1_110' title='bbox 163 1711 305 1799; x_wconf 76' lang='lat' dir='ltr'><strong>simplici</strong></span> <span class='ocrx_word' id='word_1_111' title='bbox 328 1733 351 1778; x_wconf 85' lang='lat' dir='ltr'><strong>t·</strong></span> <span class='ocrx_word' id='word_1_112' title='bbox 370 1711 462 1778; x_wconf 88' lang='lat' dir='ltr'><strong>dedit</strong></span> <span class='ocrx_word' id='word_1_113' title='bbox 476 1713 682 1788; x_wconf 71' lang='lat' dir='ltr'><strong>Gronovius,</strong></span> <span class='ocrx_word' id='word_1_114' title='bbox 709 1711 767 1802; x_wconf 85' lang='lat' dir='ltr'><strong>qni</strong></span> <span class='ocrx_word' id='word_1_115' title='bbox 787 1711 867 1778; x_wconf 88' lang='lat' dir='ltr'><strong>alibi</strong></span> <span class='ocrx_word' id='word_1_116' title='bbox 882 1713 1044 1804; x_wconf 83' lang='lat' dir='ltr'><strong>duplici.)</strong></span> 
     </span>
     <span class='ocr_line' id='line_1_14' title="bbox 25 1811 1042 1900; baseline 0.009 -27"><span class='ocrx_word' id='word_1_117' title='bbox 25 1811 65 1874; x_wconf 84' lang='lat' dir='ltr'><strong>De</strong></span> <span class='ocrx_word' id='word_1_118' title='bbox 82 1813 280 1900; x_wconf 80' lang='lat' dir='ltr'><strong>etymologia</strong></span> <span class='ocrx_word' id='word_1_119' title='bbox 302 1814 344 1879; x_wconf 76' lang='lat' dir='ltr'><strong>cl.</strong></span> <span class='ocrx_word' id='word_1_120' title='bbox 369 1813 470 1880; x_wconf 84' lang='lat' dir='ltr'><strong>etiam</strong></span> <span class='ocrx_word' id='word_1_121' title='bbox 492 1814 631 1882; x_wconf 86' lang='lat' dir='ltr'><strong>Relartdi</strong></span> <span class='ocrx_word' id='word_1_122' title='bbox 649 1813 780 1879; x_wconf 80' lang='lat' dir='ltr'><strong>differtt.</strong></span> <span class='ocrx_word' id='word_1_123' title='bbox 796 1817 836 1879; x_wconf 91' lang='lat' dir='ltr'><strong>T.</strong></span> <span class='ocrx_word' id='word_1_124' title='bbox 858 1839 887 1880; x_wconf 90' lang='grc' dir='ltr'><strong>ι.</strong></span> <span class='ocrx_word' id='word_1_125' title='bbox 908 1837 941 1900; x_wconf 91' lang='lat' dir='ltr'><strong>p.</strong></span> <span class='ocrx_word' id='word_1_126' title='bbox 960 1832 1042 1894; x_wconf 71' lang='lat'><strong>227.</strong></span> 
     </span>
     <span class='ocr_line' id='line_1_15' title="bbox 27 1913 1043 1982; baseline 0.008 -8"><span class='ocrx_word' id='word_1_127' title='bbox 27 1913 114 1976; x_wconf 86' lang='lat' dir='ltr'><strong>lnlula</strong></span> <span class='ocrx_word' id='word_1_128' title='bbox 135 1932 247 1980; x_wconf 85' lang='lat' dir='ltr'><strong>antem</strong></span> <span class='ocrx_word' id='word_1_129' title='bbox 271 1915 376 1980; x_wconf 76' lang='lat' dir='ltr'><strong>diviso</strong></span> <span class='ocrx_word' id='word_1_130' title='bbox 400 1937 497 1980; x_wconf 86' lang='lat' dir='ltr'><strong>amne</strong></span> <span class='ocrx_word' id='word_1_131' title='bbox 520 1917 604 1979; x_wconf 85' lang='lat' dir='ltr'><strong>Indo</strong></span> <span class='ocrx_word' id='word_1_132' title='bbox 628 1914 664 1978; x_wconf 90' lang='lat' dir='ltr'><strong>in</strong></span> <span class='ocrx_word' id='word_1_133' title='bbox 683 1913 761 1979; x_wconf 85' lang='lat' dir='ltr'><strong>ostia</strong></span> <span class='ocrx_word' id='word_1_134' title='bbox 784 1917 851 1979; x_wconf 87' lang='lat' dir='ltr'><strong>duo</strong></span> <span class='ocrx_word' id='word_1_135' title='bbox 872 1915 1043 1982; x_wconf 75' lang='lat' dir='ltr'><strong>formatur.</strong></span> 
     </span>
     <span class='ocr_line' id='line_1_16' title="bbox 26 2013 1043 2091; baseline 0.007 -15"><span class='ocrx_word' id='word_1_136' title='bbox 26 2013 68 2077; x_wconf 85' lang='lat' dir='ltr'><strong>ct.</strong></span> <span class='ocrx_word' id='word_1_137' title='bbox 80 2015 203 2082; x_wconf 79' lang='lat' dir='ltr'><strong>Arrian.</strong></span> <span class='ocrx_word' id='word_1_138' title='bbox 223 2020 259 2088; x_wconf 87' lang='grc'><strong>6,</strong></span> <span class='ocrx_word' id='word_1_139' title='bbox 280 2037 339 2091; x_wconf 78' lang='lat' dir='ltr'><strong>ao,</strong></span> <span class='ocrx_word' id='word_1_140' title='bbox 355 2035 386 2084; x_wconf 78' lang='lat' dir='ltr'><strong>o.</strong></span> <span class='ocrx_word' id='word_1_141' title='bbox 408 2034 442 2082; x_wconf 90' lang='lat' dir='ltr'><strong>et</strong></span> <span class='ocrx_word' id='word_1_142' title='bbox 462 2021 503 2082; x_wconf 79' lang='lat' dir='ltr'><strong>lte</strong></span> <span class='ocrx_word' id='word_1_143' title='bbox 523 2015 592 2083; x_wconf 87' lang='lat' dir='ltr'><strong>alii.</strong></span> <span class='ocrx_word' id='word_1_144' title='bbox 642 2018 738 2082; x_wconf 86' lang='lat' dir='ltr'><strong>Unde</strong></span> <span class='ocrx_word' id='word_1_145' title='bbox 753 2015 868 2081; x_wconf 72' lang='lat' dir='ltr'><strong>Anien.</strong></span> <span class='ocrx_word' id='word_1_146' title='bbox 885 2013 921 2080; x_wconf 88' lang='lat' dir='ltr'><strong>in</strong></span> <span class='ocrx_word' id='word_1_147' title='bbox 942 2017 1043 2083; x_wconf 83' lang='lat' dir='ltr'><strong>deser.</strong></span> 
     </span>
     <span class='ocr_line' id='line_1_17' title="bbox 29 2110 1047 2212; baseline 0.005 -35"><span class='ocrx_word' id='word_1_148' title='bbox 29 2113 102 2179; x_wconf 78' lang='lat' dir='ltr'><strong>othir</strong></span> <span class='ocrx_word' id='word_1_149' title='bbox 123 2141 156 2181; x_wconf 87' lang='lat' dir='ltr'><strong>v.</strong></span> <span class='ocrx_word' id='word_1_150' title='bbox 180 2131 266 2198; x_wconf 76' lang='lat'><strong>255.</strong></span> <span class='ocrx_word' id='word_1_151' title='bbox 295 2119 363 2182; x_wconf 80' lang='lat' dir='ltr'><strong>Oro</strong></span> <span class='ocrx_word' id='word_1_152' title='bbox 388 2149 438 2166; x_wconf 90' lang='lat'><strong>·-</strong></span> <span class='ocrx_word' id='word_1_153' title='bbox 463 2119 549 2182; x_wconf 81' lang='lat' dir='ltr'><strong>Indo</strong></span> <span class='ocrx_word' id='word_1_154' title='bbox 574 2119 639 2182; x_wconf 82' lang='lat' dir='ltr'><strong>duo</strong></span> <span class='ocrx_word' id='word_1_155' title='bbox 660 2110 745 2212; x_wconf 72' lang='lat' dir='ltr'><strong>June</strong></span> <span class='ocrx_word' id='word_1_156' title='bbox 769 2118 962 2202; x_wconf 77' lang='lat' dir='ltr'><strong>mediumque</strong></span> <span class='ocrx_word' id='word_1_157' title='bbox 989 2137 1047 2202; x_wconf 76' lang='lat' dir='ltr'><strong>per</strong></span> 
     </span>
     <span class='ocr_line' id='line_1_18' title="bbox 28 2210 1047 2316; baseline 0.004 -35"><span class='ocrx_word' id='word_1_158' title='bbox 28 2235 123 2297; x_wconf 71' lang='lat' dir='ltr'><strong>agrum</strong></span> <span class='ocrx_word' id='word_1_159' title='bbox 142 2213 249 2312; x_wconf 81' lang='lat' dir='ltr'><strong>insula</strong></span> <span class='ocrx_word' id='word_1_160' title='bbox 259 2210 300 2312; x_wconf 79' lang='lat' dir='ltr'><strong>se</strong></span> <span class='ocrx_word' id='word_1_161' title='bbox 319 2219 412 2316; x_wconf 68' lang='lat' dir='ltr'><strong>vallo</strong></span> <span class='ocrx_word' id='word_1_162' title='bbox 422 2211 545 2312; x_wconf 82' lang='lat' dir='ltr'><strong>fundit</strong></span> <span class='ocrx_word' id='word_1_163' title='bbox 567 2233 654 2302; x_wconf 78' lang='lat' dir='ltr'><strong>tergo</strong></span> <span class='ocrx_word' id='word_1_164' title='bbox 674 2220 836 2284; x_wconf 77' lang='lat' dir='ltr'><strong>Patalene.</strong></span> <span class='ocrx_word' id='word_1_165' title='bbox 876 2217 1047 2286; x_wconf 78' lang='lat' dir='ltr'><strong>Sellieriut</strong></span> 
     </span>
     <span class='ocr_line' id='line_1_19' title="bbox 30 2317 1043 2406; baseline 0.007 -29"><span class='ocrx_word' id='word_1_166' title='bbox 30 2317 63 2377; x_wconf 87' lang='lat' dir='ltr'><strong>ad</strong></span> <span class='ocrx_word' id='word_1_167' title='bbox 80 2319 165 2384; x_wconf 83' lang='lat' dir='ltr'><strong>Cart.</strong></span> <span class='ocrx_word' id='word_1_168' title='bbox 190 2341 227 2402; x_wconf 84' lang='lat'><strong>9,</strong></span> <span class='ocrx_word' id='word_1_169' title='bbox 252 2332 285 2397; x_wconf 82' lang='lat'><strong>8.</strong></span> <span class='ocrx_word' id='word_1_170' title='bbox 308 2319 331 2383; x_wconf 83' lang='lat' dir='ltr'><strong>l.</strong></span> <span class='ocrx_word' id='word_1_171' title='bbox 357 2336 452 2406; x_wconf 88' lang='lat' dir='ltr'><strong>putat</strong></span> <span class='ocrx_word' id='word_1_172' title='bbox 473 2322 504 2386; x_wconf 90' lang='lat' dir='ltr'><strong>h.</strong></span> <span class='ocrx_word' id='word_1_173' title='bbox 529 2321 590 2383; x_wconf 84' lang='lat' dir='ltr'><strong>else</strong></span> <span class='ocrx_word' id='word_1_174' title='bbox 614 2321 724 2385; x_wconf 79' lang='lat' dir='ltr'><strong>Tatta.</strong></span> <span class='ocrx_word' id='word_1_175' title='bbox 775 2319 951 2384; x_wconf 81' lang='lat' dir='ltr'><strong>D’dnville</strong></span> <span class='ocrx_word' id='word_1_176' title='bbox 971 2322 1043 2384; x_wconf 72' lang='lat' dir='ltr'><strong>ol.</strong></span> 
     </span>
     <span class='ocr_line' id='line_1_20' title="bbox 28 2418 1045 2506; baseline 0.002 -24"><span class='ocrx_word' id='word_1_177' title='bbox 28 2437 88 2500; x_wconf 78' lang='lat' dir='ltr'><strong>pag.</strong></span> <span class='ocrx_word' id='word_1_178' title='bbox 104 2435 161 2496; x_wconf 81' lang='lat'><strong>37.</strong></span> <span class='ocrx_word' id='word_1_179' title='bbox 186 2424 315 2485; x_wconf 81' lang='lat' dir='ltr'><strong>Totto-</strong></span> <span class='ocrx_word' id='word_1_180' title='bbox 336 2443 440 2505; x_wconf 80' lang='lat' dir='ltr'><strong>nagor</strong></span> <span class='ocrx_word' id='word_1_181' title='bbox 466 2419 502 2484; x_wconf 89' lang='lat' dir='ltr'><strong>in</strong></span> <span class='ocrx_word' id='word_1_182' title='bbox 525 2418 698 2506; x_wconf 81' lang='lat' dir='ltr'><strong>provincia</strong></span> <span class='ocrx_word' id='word_1_183' title='bbox 725 2421 826 2486; x_wconf 82' lang='lat' dir='ltr'><strong>Sindi.</strong></span> <span class='ocrx_word' id='word_1_184' title='bbox 872 2423 910 2483; x_wconf 90' lang='lat' dir='ltr'><strong>ln</strong></span> <span class='ocrx_word' id='word_1_185' title='bbox 932 2421 1045 2484; x_wconf 86' lang='lat' dir='ltr'><strong>tabula</strong></span> 
     </span>
     <span class='ocr_line' id='line_1_21' title="bbox 29 2517 1046 2608; baseline 0.007 -30"><span class='ocrx_word' id='word_1_186' title='bbox 29 2517 227 2586; x_wconf 79' lang='lat' dir='ltr'><strong>Rennelliana</strong></span> <span class='ocrx_word' id='word_1_187' title='bbox 243 2524 310 2586; x_wconf 85' lang='lat' dir='ltr'><strong>hoc</strong></span> <span class='ocrx_word' id='word_1_188' title='bbox 326 2525 384 2586; x_wconf 81' lang='lat' dir='ltr'><strong>litu</strong></span> <span class='ocrx_word' id='word_1_189' title='bbox 399 2521 512 2586; x_wconf 88' lang='lat' dir='ltr'><strong>iuveni</strong></span> <span class='ocrx_word' id='word_1_190' title='bbox 534 2524 648 2595; x_wconf 78' lang='lat' dir='ltr'><strong>Tatta,</strong></span> <span class='ocrx_word' id='word_1_191' title='bbox 673 2542 739 2608; x_wconf 86' lang='lat' dir='ltr'><strong>quo</strong></span> <span class='ocrx_word' id='word_1_192' title='bbox 753 2521 867 2585; x_wconf 83' lang='lat' dir='ltr'><strong>Noster</strong></span> <span class='ocrx_word' id='word_1_193' title='bbox 879 2519 969 2585; x_wconf 84' lang='lat' dir='ltr'><strong>inter</strong></span> <span class='ocrx_word' id='word_1_194' title='bbox 977 2519 1046 2606; x_wconf 82' lang='lat' dir='ltr'><strong>ipsa</strong></span> 
     </span>
     <span class='ocr_line' id='line_1_22' title="bbox 31 2617 1045 2706; baseline 0.006 -28"><span class='ocrx_word' id='word_1_195' title='bbox 31 2617 94 2681; x_wconf 76' lang='lat' dir='ltr'><strong>odda</strong></span> <span class='ocrx_word' id='word_1_196' title='bbox 111 2623 269 2696; x_wconf 77' lang='lat' dir='ltr'><strong>ostendit,</strong></span> <span class='ocrx_word' id='word_1_197' title='bbox 295 2621 380 2686; x_wconf 89' lang='lat' dir='ltr'><strong>Plin.</strong></span> <span class='ocrx_word' id='word_1_198' title='bbox 400 2627 433 2696; x_wconf 90' lang='grc'><strong>6,</strong></span> <span class='ocrx_word' id='word_1_199' title='bbox 452 2639 509 2702; x_wconf 73' lang='lat'><strong>23.</strong></span> <span class='ocrx_word' id='word_1_200' title='bbox 526 2623 548 2691; x_wconf 84' lang='lat' dir='ltr'><strong>l.</strong></span> <span class='ocrx_word' id='word_1_201' title='bbox 569 2641 624 2688; x_wconf 72' lang='lat' dir='ltr'><strong>itt.</strong></span> <span class='ocrx_word' id='word_1_202' title='bbox 641 2621 677 2686; x_wconf 84' lang='lat' dir='ltr'><strong>itt</strong></span> <span class='ocrx_word' id='word_1_203' title='bbox 700 2620 774 2706; x_wconf 76' lang='lat' dir='ltr'><strong>ipso</strong></span> <span class='ocrx_word' id='word_1_204' title='bbox 792 2620 941 2687; x_wconf 71' lang='lat' dir='ltr'><strong>faucibus</strong></span> <span class='ocrx_word' id='word_1_205' title='bbox 957 2619 1045 2695; x_wconf 84' lang='lat' dir='ltr'><strong>Indi.</strong></span> 
     </span>
     <span class='ocr_line' id='line_1_23' title="bbox 13 2721 1045 2824; baseline 0.004 -42"><span class='ocrx_word' id='word_1_206' title='bbox 13 2721 164 2801; x_wconf 54' lang='lat' dir='ltr'><strong>Aliquam</strong></span> <span class='ocrx_word' id='word_1_207' title='bbox 176 2724 308 2818; x_wconf 74' lang='lat' dir='ltr'><strong>figura,</strong></span> <span class='ocrx_word' id='word_1_208' title='bbox 335 2726 452 2804; x_wconf 81' lang='lat' dir='ltr'><strong>(Delta</strong></span> <span class='ocrx_word' id='word_1_209' title='bbox 473 2722 602 2804; x_wconf 89' lang='lat' dir='ltr'><strong>innuit)</strong></span> <span class='ocrx_word' id='word_1_210' title='bbox 636 2743 705 2787; x_wconf 74' lang='lat'><strong>220</strong></span> <span class='ocrx_word' id='word_1_211' title='bbox 731 2725 777 2788; x_wconf 88' lang='lat' dir='ltr'><strong>M.</strong></span> <span class='ocrx_word' id='word_1_212' title='bbox 798 2723 834 2788; x_wconf 84' lang='lat' dir='ltr'><strong>P.</strong></span> <span class='ocrx_word' id='word_1_213' title='bbox 857 2721 1045 2824; x_wconf 67' lang='grc' dir='ltr'><strong>Ιιιίιιιάἰιιε,</strong></span> 
     </span>
     <span class='ocr_line' id='line_1_24' title="bbox 32 2821 1045 2911; baseline 0 -24"><span class='ocrx_word' id='word_1_214' title='bbox 32 2837 112 2902; x_wconf 75' lang='lat' dir='ltr'><strong>quam</strong></span> <span class='ocrx_word' id='word_1_215' title='bbox 132 2842 228 2890; x_wconf 79' lang='lat' dir='ltr'><strong>aooo</strong></span> <span class='ocrx_word' id='word_1_216' title='bbox 254 2823 427 2888; x_wconf 81' lang='lat' dir='ltr'><strong>stadiorum</strong></span> <span class='ocrx_word' id='word_1_217' title='bbox 449 2823 575 2892; x_wconf 85' lang='lat' dir='ltr'><strong>faciunt</strong></span> <span class='ocrx_word' id='word_1_218' title='bbox 597 2821 664 2888; x_wconf 89' lang='lat' dir='ltr'><strong>alii.</strong></span> <span class='ocrx_word' id='word_1_219' title='bbox 702 2823 774 2890; x_wconf 87' lang='lat' dir='ltr'><strong>Vid.</strong></span> <span class='ocrx_word' id='word_1_220' title='bbox 797 2845 879 2911; x_wconf 86' lang='lat' dir='ltr'><strong>quae</strong></span> <span class='ocrx_word' id='word_1_221' title='bbox 899 2821 1045 2908; x_wconf 83' lang='lat' dir='ltr'><strong>disputat</strong></span> 
     </span>
     <span class='ocr_line' id='line_1_25' title="bbox 33 2917 1044 3012; baseline 0.005 -32"><span class='ocrx_word' id='word_1_222' title='bbox 33 2917 129 2986; x_wconf 77' lang='lat' dir='ltr'><strong>Strabo</strong></span> <span class='ocrx_word' id='word_1_223' title='bbox 149 2939 203 3006; x_wconf 87' lang='grc' dir='ltr'><strong>ι5.</strong></span> <span class='ocrx_word' id='word_1_224' title='bbox 223 2947 298 3012; x_wconf 80' lang='lat' dir='ltr'><strong>pag.</strong></span> <span class='ocrx_word' id='word_1_225' title='bbox 313 2937 397 3008; x_wconf 67' lang='lat'><strong>482.</strong></span> <span class='ocrx_word' id='word_1_226' title='bbox 416 2925 437 2990; x_wconf 86' lang='lat' dir='ltr'><strong>s.</strong></span> <span class='ocrx_word' id='word_1_227' title='bbox 454 2941 541 3002; x_wconf 84' lang='lat'><strong>701.</strong></span> <span class='ocrx_word' id='word_1_228' title='bbox 583 2925 685 3010; x_wconf 81' lang='lat' dir='ltr'><strong>Quod</strong></span> <span class='ocrx_word' id='word_1_229' title='bbox 698 2941 792 3008; x_wconf 87' lang='lat' dir='ltr'><strong>putat</strong></span> <span class='ocrx_word' id='word_1_230' title='bbox 805 2923 1044 2988; x_wconf 82' lang='lat' dir='ltr'><strong>Tieffenthaler</strong></span> 
     </span>
     <span class='ocr_line' id='line_1_26' title="bbox 31 3019 1044 3112; baseline 0.008 -32"><span class='ocrx_word' id='word_1_231' title='bbox 31 3019 88 3083; x_wconf 82' lang='lat' dir='ltr'><strong>vn.</strong></span> <span class='ocrx_word' id='word_1_232' title='bbox 102 3047 131 3087; x_wconf 86' lang='lat' dir='ltr'><strong>r.</strong></span> <span class='ocrx_word' id='word_1_233' title='bbox 142 3049 175 3112; x_wconf 93' lang='lat' dir='ltr'><strong>p.</strong></span> <span class='ocrx_word' id='word_1_234' title='bbox 190 3039 245 3107; x_wconf 73' lang='lat'><strong>14.</strong></span> <span class='ocrx_word' id='word_1_235' title='bbox 264 3029 297 3090; x_wconf 93' lang='lat' dir='ltr'><strong>h.</strong></span> <span class='ocrx_word' id='word_1_236' title='bbox 314 3027 360 3090; x_wconf 89' lang='lat' dir='ltr'><strong>est</strong></span> <span class='ocrx_word' id='word_1_237' title='bbox 371 3027 509 3091; x_wconf 74' lang='lat' dir='ltr'><strong>Pokinn&#39;.</strong></span> <span class='ocrx_word' id='word_1_238' title='bbox 544 3025 666 3090; x_wconf 81' lang='lat' dir='ltr'><strong>Contra</strong></span> <span class='ocrx_word' id='word_1_239' title='bbox 685 3027 784 3089; x_wconf 83' lang='lat' dir='ltr'><strong>Tatta</strong></span> <span class='ocrx_word' id='word_1_240' title='bbox 799 3047 838 3088; x_wconf 86' lang='lat' dir='ltr'><strong>ex</strong></span> <span class='ocrx_word' id='word_1_241' title='bbox 852 3027 1044 3090; x_wconf 84' lang='lat' dir='ltr'><strong>Ptolemaeo</strong></span> 
     </span>
     <span class='ocr_line' id='line_1_27' title="bbox 32 3127 1042 3214; baseline 0.001 -28"><span class='ocrx_word' id='word_1_242' title='bbox 32 3139 137 3206; x_wconf 75' lang='lat' dir='ltr'><strong>pugnat</strong></span> <span class='ocrx_word' id='word_1_243' title='bbox 147 3129 301 3192; x_wconf 84' lang='lat' dir='ltr'><strong>Mannert</strong></span> <span class='ocrx_word' id='word_1_244' title='bbox 313 3151 346 3214; x_wconf 90' lang='lat' dir='ltr'><strong>p.</strong></span> <span class='ocrx_word' id='word_1_245' title='bbox 362 3130 420 3192; x_wconf 76' lang='lat'><strong>62.</strong></span> <span class='ocrx_word' id='word_1_246' title='bbox 438 3129 523 3214; x_wconf 89' lang='lat' dir='ltr'><strong>(Vol.</strong></span> <span class='ocrx_word' id='word_1_247' title='bbox 541 3141 574 3206; x_wconf 87' lang='lat'><strong>5.</strong></span> <span class='ocrx_word' id='word_1_248' title='bbox 592 3127 732 3211; x_wconf 82' lang='lat' dir='ltr'><strong>Geogr.)</strong></span> <span class='ocrx_word' id='word_1_249' title='bbox 753 3129 847 3190; x_wconf 85' lang='lat' dir='ltr'><strong>fitum</strong></span> <span class='ocrx_word' id='word_1_250' title='bbox 863 3141 973 3192; x_wconf 85' lang='lat' dir='ltr'><strong>tamen</strong></span> <span class='ocrx_word' id='word_1_251' title='bbox 986 3143 1042 3188; x_wconf 81' lang='lat' dir='ltr'><strong>ve-</strong></span> 
     </span>
     <span class='ocr_line' id='line_1_28' title="bbox 33 3225 1043 3314; baseline -0.005 -21"><span class='ocrx_word' id='word_1_252' title='bbox 33 3240 93 3285; x_wconf 82' lang='lat' dir='ltr'><strong>rna</strong></span> <span class='ocrx_word' id='word_1_253' title='bbox 112 3245 244 3314; x_wconf 86' lang='lat' dir='ltr'><strong>propter</strong></span> <span class='ocrx_word' id='word_1_254' title='bbox 265 3227 425 3296; x_wconf 81' lang='lat' dir='ltr'><strong>incertam</strong></span> <span class='ocrx_word' id='word_1_255' title='bbox 446 3226 600 3291; x_wconf 87' lang='lat' dir='ltr'><strong>ostiorum</strong></span> <span class='ocrx_word' id='word_1_256' title='bbox 619 3225 692 3290; x_wconf 87' lang='lat' dir='ltr'><strong>Indi</strong></span> <span class='ocrx_word' id='word_1_257' title='bbox 725 3225 951 3312; x_wconf 78' lang='lat' dir='ltr'><strong>cognitionem</strong></span> <span class='ocrx_word' id='word_1_258' title='bbox 973 3243 1043 3288; x_wconf 84' lang='lat' dir='ltr'><strong>uon</strong></span> 
     </span>
     <span class='ocr_line' id='line_1_29' title="bbox 33 3321 1042 3425; baseline 0.001 -34"><span class='ocrx_word' id='word_1_259' title='bbox 33 3325 153 3391; x_wconf 67' lang='lat' dir='ltr'><strong>conum</strong></span> <span class='ocrx_word' id='word_1_260' title='bbox 177 3327 284 3396; x_wconf 81' lang='lat' dir='ltr'><strong>addit.</strong></span> <span class='ocrx_word' id='word_1_261' title='bbox 343 3332 395 3394; x_wconf 83' lang='lat' dir='ltr'><strong>De</strong></span> <span class='ocrx_word' id='word_1_262' title='bbox 423 3328 580 3396; x_wconf 74' lang='lat' dir='ltr'><strong>Tuberone</strong></span> <span class='ocrx_word' id='word_1_263' title='bbox 603 3343 637 3394; x_wconf 86' lang='lat' dir='ltr'><strong>et</strong></span> <span class='ocrx_word' id='word_1_264' title='bbox 657 3321 794 3425; x_wconf 75' lang='lat' dir='ltr'><strong>Anasace</strong></span> <span class='ocrx_word' id='word_1_265' title='bbox 810 3327 855 3410; x_wconf 76' lang='lat' dir='ltr'><strong>fl.</strong></span> <span class='ocrx_word' id='word_1_266' title='bbox 879 3324 955 3392; x_wconf 75' lang='lat' dir='ltr'><strong>uid.</strong></span> <span class='ocrx_word' id='word_1_267' title='bbox 971 3341 1042 3393; x_wconf 82' lang='lat' dir='ltr'><strong>not.</strong></span> 
     </span>
    </p>
   </div>
   <div class='ocr_carea' id='block_1_3' title="bbox 33 3421 289 3517">
    <p class='ocr_par' dir='ltr' id='par_1_3' title="bbox 33 3421 289 3517">
     <span class='ocr_line' id='line_1_30' title="bbox 33 3421 289 3517; baseline 0.039 -31"><span class='ocrx_word' id='word_1_268' title='bbox 33 3421 91 3490; x_wconf 83' lang='lat' dir='ltr'><strong>trit.</strong></span> <span class='ocrx_word' id='word_1_269' title='bbox 109 3450 180 3517; x_wconf 81' lang='lat' dir='ltr'><strong>pag.</strong></span> <span class='ocrx_word' id='word_1_270' title='bbox 204 3445 289 3512; x_wconf 77' lang='lat'><strong>257.</strong></span> 
     </span>
    </p>
   </div>
   <div class='ocr_carea' id='block_1_4' title="bbox 0 0 1336 4896">
    <p class='ocr_par' dir='ltr' id='par_1_4' title="bbox 0 0 1336 4896">
     <span class='ocr_line' id='line_1_31' title="bbox 0 0 1336 4896; baseline 0 0"><span class='ocrx_word' id='word_1_271' title='bbox 0 0 1336 4896; x_wconf 95' lang='lat' dir='ltr'><strong> </strong></span> 
     </span>
    </p>
   </div>
  </div>
 </body>
</html>
