2746 4894
282 415 347 490 500
553 409 718 472 nom
757 411 1061 476 sxusurrcar.

208 659 213 669 ¹
282 586 325 650 ad
347 579 489 649 Guthrie
503 619 556 634 -
576 585 812 650 weh-Gesch.
830 587 865 651 P.
883 599 916 666 5.
931 587 973 655 Τ.
995 607 1026 653 o.
1041 611 1074 675 p.
1093 609 1173 671 227.
1195 593 1248 660 ubi
1263 593 1305 663 'de

280 691 343 754 hac
360 707 443 751 voce
457 689 567 772 plures
583 687 705 752 laudat.
741 689 849 752 Potest
861 685 961 754 etiam
978 691 1074 770 addi,
1098 696 1186 781 quod
1201 699 1304 765 eadem

278 785 501 873 Aethiopibus
516 805 550 850 et
569 789 662 854 Aliae
681 787 815 875 populis
830 791 943 876 paslim
956 789 1058 856 tribui
1074 795 1193 872 solent,
1221 817 1256 862 ut
1269 823 1304 866 ex

277 890 361 956 ferie
383 887 673 954 commentationis
694 889 908 976 intelligetur.
957 892 1035 960 Alia
1059 897 1134 961 sunt
1156 921 1249 984 vaga,
1270 917 1304 968 nt

277 995 320 1057 de
335 989 605 1078 Ichthyophagis,
630 991 855 1078 Troglodytit,
880 1029 928 1046 -··
952 995 1010 1083 qui
1023 997 1240 1085 Aethiopibus
1258 1005 1305 1066 ad·

275 1109 503 1161 numerantur.
530 1093 623 1157 Idem
637 1098 725 1158 valet
741 1095 782 1158 de
798 1093 946 1176 Scythis;
968 1097 1060 1162 Indis
1077 1099 1187 1166 etiam.
1211 1103 1303 1190 Quid·

274 1195 358 1286 qnid
373 1197 428 1270 est,
451 1193 634 1281 Aethiopia
649 1217 753 1281 prope
767 1197 957 1282 Aegyptum
976 1197 1042 1264 fuit
1056 1200 1218 1266 notissima
1231 1205 1303 1268 anti·

273 1297 366 1388 quis,
393 1298 435 1360 ad
450 1317 534 1384 quos
548 1297 734 1383 penetrarit
749 1301 930 1364 Menelaus.
968 1299 1041 1366 Vid.
1057 1305 1192 1369 Homer.
1208 1307 1301 1386 Odyll'.

272 1412 309 1482 4,
328 1412 387 1479 81.
412 1415 445 1464 et
465 1397 637 1463 Strabonis
657 1402 790 1484 longam
806 1401 847 1464 de
863 1403 928 1464 hoc
945 1405 1041 1467 cursu
1056 1402 1302 1492 disputationem

271 1501 329 1568 tib.
347 1527 375 1574 ι.
392 1525 424 1588 p.
439 1521 482 1566 oo
499 1503 543 1588 sq.
560 1502 581 1567 l.
595 1517 640 1581 33
652 1501 697 1588 sq.
724 1519 758 1566 et
773 1505 815 1568 fic
827 1503 936 1588 postet
952 1525 969 1568 a
983 1505 1223 1572 recentioribus
1239 1511 1303 1572 red·

270 1620 380 1672 actam
395 1605 457 1668 elle
465 1601 681 1689 Aethiopiam
694 1601 788 1670 dicit.
812 1603 868 1670 Sic
880 1603 1009 1671 Plinius
1025 1605 1150 1694 aliique
1164 1607 1301 1674 strictiori

269 1707 381 1784 sensu,
408 1725 608 1793 quamquam
622 1727 683 1770 nec
698 1703 836 1769 omnino
852 1705 992 1770 aliorum
1001 1708 1208 1796 Aethiopum
1220 1734 1301 1775 meu·

267 1807 397 1874 tionem
423 1805 584 1872 omittunt
608 1805 746 1870 Homeri
773 1807 970 1873 anctoritate
996 1809 1092 1886 moti,
1115 1837 1148 1876 v.
1172 1835 1200 1878 c.
1223 1812 1299 1878 Plin.

212 1899 217 1912 '
269 1923 304 1994 5,
323 1923 356 1990 8.
382 1911 500 1975 Strabo
519 1925 574 1987 17.
595 1931 629 1995 p.
645 1911 730 1988 568.
747 1910 767 1973 l.
786 1921 870 1988 827.
896 1908 997 1976 Diod.
1015 1910 1080 1978 Sic.
1096 1930 1131 1990 3,
1149 1927 1184 1992 8.
1205 1950 1251 1965 -
1272 1931 1302 1978 et

267 2015 310 2078 stc
331 2015 420 2076 Mela
445 2011 562 2080 noster.
614 1995 797 2096 Aethiopes
819 2013 876 2076 sub
901 2014 1053 2099 Aegypto
1076 2011 1300 2100 intelligendos

265 2117 340 2189 elle,
364 2111 494 2202 quoties
511 2111 648 2176 illorum
664 2111 852 2200 antiquitas,
878 2111 997 2198 pietas,
1023 2114 1147 2180 iustitia
1168 2121 1300 2210 celebra-

263 2232 339 2291 tur,
368 2232 486 2280 monet
500 2213 627 2280 Ludolf
640 2213 675 2276 in
691 2232 869 2278 comment.
884 2213 954 2280 hist.
969 2215 1127 2302 Aethiop.
1150 2243 1179 2290 r,
1202 2237 1254 2298 17,
1270 2237 1299 2286 t.

263 2316 377 2383 Hodie
395 2316 495 2408 etiam
515 2313 551 2380 in
573 2331 593 2395 3
614 2331 723 2402 partes
739 2314 920 2390 dividitur,
945 2316 995 2380 uti
1017 2319 1115 2383 docet
1132 2323 1225 2384 Lobo
1241 2341 1266 2385 c.
1278 2323 1297 2383 l.

264 2423 306 2486 T.
326 2445 354 2485 r.
370 2443 402 2506 p.
417 2435 498 2498 253.
525 2415 584 2482 ubi
602 2419 696 2480 simul
715 2439 815 2502 regna
832 2433 1014 2493 enumerat,
1038 2441 1122 2505 qnae
1135 2425 1298 2507 complexu

262 2523 308 2588 est
322 2539 417 2588 vetus
432 2519 489 2584 illa
503 2515 687 2606 Aethiopia
702 2519 760 2583 sub
775 2523 929 2607 Aegypto
945 2541 964 2582 a
978 2523 1081 2605 gradu
1096 2539 1117 2601 7
1136 2524 1178 2586 ad
1200 2541 1256 2600 17.

329 2718 362 2818 s
361 2725 471 2788 edem
480 2722 500 2807 )
548 2723 614 2786 Pro
630 2725 717 2806 regia
731 2720 831 2787 sumit
842 2721 899 2788 hic
913 2723 1037 2788 Vosllut
1051 2741 1085 2788 et
1098 2723 1247 2791 inlustrat
1260 2745 1297 2789 ex

259 2825 379 2894 Curtio
401 2837 437 2907 4,
461 2839 495 2910 7,
518 2833 573 2903 ι8.
601 2821 680 2888 ubi:
713 2827 839 2888 accolas
855 2816 947 2918 sedis
972 2824 1035 2914 (de
1058 2833 1193 2894 oraculo
1213 2821 1295 2891 loris

258 2923 478 3012 Hammonis)
492 2917 577 3019 sant
593 2923 635 2988 ab
655 2928 777 2990 oriente
793 2929 935 3009 proximi
949 2931 1153 3010 Aethiopum.
1206 2933 1297 3014 Quae

258 3029 395 3119 quidem
409 3029 453 3092 ell
467 3027 593 3092 diversa
607 3025 703 3092 ratio.
741 3029 826 3091 Nam
840 3024 889 3090 ibi
904 3028 945 3092 de
960 3026 1050 3092 lovis
1066 3031 1141 3094 sede
1156 3033 1296 3102 oraculo,

257 3149 333 3198 ante
347 3125 442 3226 sedes
469 3130 608 3202 oraculi,
643 3125 700 3192 hic
722 3130 764 3192 de
790 3132 917 3215 populo
943 3132 1008 3193 late
1029 3147 1165 3196 extento
1185 3149 1219 3196 et
1236 3133 1293 3195 tre

253 3250 390 3322 quente,
414 3247 447 3295 et
457 3234 543 3294 Mela
560 3229 661 3315 ipsam
680 3247 798 3294 terram
815 3231 836 3294 l.
851 3227 993 3295 insulam
1006 3233 1158 3318 adpellat.
1210 3237 1294 3296 Tum

254 3332 490 3421 complurima
508 3331 682 3419 dishtaque
699 3334 773 3396 loca
787 3331 974 3409 tenuerint,
999 3332 1218 3419 praecipuum
1233 3339 1294 3400 hoe

255 3435 467 3502 domicilium
483 3436 544 3498 elle
561 3435 668 3497 debet.
710 3435 765 3500 An
782 3453 851 3498 non
864 3437 953 3498 Mela
975 3437 1041 3500 hoe
1062 3437 1229 3521 delignare
1247 3441 1292 3500 lu·

253 3536 419 3606 ualentius
434 3534 610 3610 debuillet,
634 3533 697 3600 alia
715 3535 870 3622 quaestio.
906 3537 993 3601 Nam
1004 3530 1099 3633 sedes
1114 3540 1157 3602 de
1171 3539 1291 3625 populo

132 3669 142 3679 ·
252 3641 318 3709 late
342 3657 448 3728 patet,
483 3653 661 3704 etcertum
683 3635 896 3702 domicilium
915 3654 1019 3703 notat.
1061 3636 1242 3706 Vincurt
1259 3651 1292 3719 5.

253 3757 288 3825 5,
310 3763 367 3808 or.
392 3745 427 3817 6,
447 3761 479 3817 n,
501 3755 554 3823 13.
582 3739 671 3802 Mela
689 3750 770 3821 r,4,
784 3751 819 3822 4.
841 3756 875 3803 et
889 3735 954 3802 alia
968 3745 1082 3825 plura,
1109 3763 1194 3828 qnae
1217 3759 1291 3805 con·

250 3844 333 3930 legit
344 3848 524 3908 Burmann.
541 3842 582 3905 ad
595 3839 709 3906 Vellei.
725 3865 755 3915 r,
772 3857 805 3920 3.
818 3841 843 3906 f.
869 3841 976 3906 Cerdo
993 3843 1034 3906 ad
1049 3842 1135 3909 Aen.
1157 3868 1214 3916 ιι,
1229 3851 1287 3924 44.

251 3943 310 4011 Sic
325 3945 438 4008 Noster
453 3941 669 4038 circumsedere
689 3967 721 4016 r,
745 3963 800 4018 to,
822 3953 857 4026 4,
882 3941 1075 4035 adsideret,
1098 3965 1153 4028 ¹9·
1179 3955 1233 4026 14.
1257 3957 1289 4007 et

243 4040 339 4142 sedes
352 4067 430 4110 cnm
450 4049 544 4112 tectis
560 4042 735 4132 coniungit
755 4068 785 4122 r,
802 4057 838 4127 4,
852 4055 888 4128 4.
913 4049 952 4113 V.
967 4044 1122 4112 etiamad
1141 4069 1171 4127 t,
1191 4061 1285 4130 19.o.

250 4151 308 4215 De
319 4147 433 4211 Meroe
449 4147 493 4214 ef.
509 4147 551 4210 td
573 4171 602 4221 r,
618 4165 654 4231 9.
675 4165 709 4212 e.
