2650 4896
263 423 327 494 ιω
532 413 695 474 notra
730 411 1033 470 exaccrrcaa

267 589 357 654 enim
372 583 484 650 Prasiia
495 585 580 647 broc
593 585 706 648 urbem
721 587 886 670 adsignent
897 598 1057 656 amotae,
1078 583 1182 647 veluti
1192 579 1323 646 Strabo

274 703 330 770 15.
346 709 379 772 p.
395 699 483 768 483.
501 687 522 750 l.
538 703 623 762 702.
647 690 770 752 Arrien.
785 690 820 748 in
835 689 937 751 ludit.
952 707 1020 769 cap.
1039 705 1094 750 to.
1110 719 1164 732 -
1186 701 1320 765 eoaque

267 791 402 854 Curtius
419 807 453 868 9,
470 805 504 852 a.
524 790 569 850 in.
593 785 671 872 (ubi
686 809 744 870 pro
757 786 950 880 Phanastor
965 787 1137 872 legendum
1152 784 1215 848 elle
1230 785 1320 845 Pra-

260 887 334 986 fios
356 908 471 952 omnen
489 887 714 972 contendunt)
735 909 835 970 aeque
851 909 886 950 ac
906 889 1100 974 Gangaridae
1122 888 1319 948 ulteriorem

271 993 393 1076 Gangis
415 992 514 1074 ripam
537 989 641 1052 colere
663 987 791 1062 scribat,
817 989 888 1052 satia
905 991 954 1051 illi
974 989 1138 1052 Salmasius
1159 987 1237 1048 fidei
1262 987 1321 1046 tri·

272 1093 360 1162 buit,
384 1091 477 1153 utde
492 1091 598 1153 Melae
613 1093 800 1154 auctoritate
820 1089 962 1162 dubitet,
997 1091 1071 1151 ideo
1094 1088 1255 1150 refutatus
1278 1086 1321 1147 ab

272 1192 444 1256 Harduino
458 1191 499 1254 ad
513 1191 599 1253 Plio.
613 1210 642 1256 c.
656 1191 680 1256 l.
706 1193 762 1254 etsi
781 1191 929 1257 Salmalio
949 1193 1001 1252 alii
1020 1193 1117 1252 etiam
1142 1187 1322 1270 suffragan·

273 1307 337 1356 tur.
373 1295 421 1354 lta
436 1293 525 1356 enim
543 1292 679 1354 Diodor.
698 1293 760 1354 Sic.
783 1309 838 1370 17.
854 1307 913 1372 93.
931 1297 1046 1374 (quem
1060 1289 1220 1372 exscripsit
1235 1290 1324 1350 Cur·

273 1395 357 1472 tine)
382 1393 502 1456 Prafioe
516 1393 569 1455 rel
584 1393 731 1464 Praelioe.
747 1397 800 1472 (ιιι
815 1395 870 1456 alii
883 1396 979 1456 etiam
994 1394 1065 1454 illoa
1078 1403 1208 1462 vocant,
1231 1407 1324 1471 quoa

274 1497 382 1558 laudat
403 1493 583 1578 wesseling.
601 1493 640 1554 ad
661 1495 797 1557 Diodor.
812 1497 877 1558 Sic.
893 1496 958 1557 cl.
981 1494 1037 1556 ubi
1051 1494 1149 1576 vulgo
1164 1493 1323 1577 Tae-pot·

275 1593 371 1670 σίων,
394 1595 428 1658 iu
442 1595 546 1660 Codd.
561 1595 658 1656 etiam
671 1592 833 1681 Bptcr'oa)
858 1608 895 1656 ut
910 1595 1102 1678 Gangaridas
1116 1595 1150 1653 in
1165 1593 1321 1654 ulteriori

178 1689 185 1702 ’
277 1696 399 1781 Gangit
411 1697 479 1780 ripa
494 1695 648 1756 conlocat.
685 1695 754 1759 Nec
771 1695 915 1759 dissentit
928 1695 1088 1757 Plutarch.
1103 1695 1138 1754 in
1153 1694 1250 1756 Alex.
1270 1690 1320 1754 Μ.

276 1817 345 1879 cap.
362 1799 422 1860 62.
465 1795 596 1858 Accedit
616 1795 649 1856 iu
670 1797 784 1880 primia
806 1797 911 1859 tabula
931 1797 1173 1880 Peutingeriana
1194 1810 1258 1858 ια.
1280 1793 1320 1854 E.

276 1900 312 1959 in
329 1917 389 1978 qua
405 1893 574 1958 Palibotra
590 1895 665 1960 orba
681 1898 761 1960 ultra
776 1897 910 1984 Gangen
929 1898 968 1959 ad
984 1899 1085 1978 ripam
1105 1892 1320 1976 conspicitur.

278 1997 374 2060 Nihil
396 2015 509 2060 eorum
532 1997 646 2082 adtigit
663 1999 841 2071 d’Anville,
866 2017 947 2080 quae
969 1998 1116 2078 quamvis
1137 2000 1257 2080 gravia
1274 1995 1321 2054 vi·

277 2099 405 2168 dentur,
428 2111 546 2168 tamen,
572 2099 645 2177 qnia
660 2100 810 2162 Arrianur
826 2101 891 2164 cl.
916 2099 1074 2163 Palibotra
1088 2099 1127 2160 td
1145 2097 1321 2158 confluen-

276 2212 345 2260 tem
370 2197 489 2282 Gangis
507 2211 540 2259 et
565 2197 773 2262 Erannoboae
797 2201 907 2283 pouit,
945 2213 980 2262 et
1001 2199 1206 2262 Ptolemaeus
1234 2201 1321 2259 intra

278 2297 431 2383 Gangen,
465 2310 502 2358 ut
527 2293 599 2370 alii,
634 2297 788 2382 superiora
810 2303 943 2362 minime
976 2297 1145 2384 infringere
1170 2297 1319 2379 possunt,

277 2419 352 2462 cum
366 2397 532 2460 Allahabad
548 2397 739 2463 Robertsoni
755 2423 786 2483 p.
798 2411 856 2481 54.
872 2415 905 2463 et
919 2403 1003 2464 206.
1016 2421 1043 2463 c.
1056 2401 1076 2463 l.
1092 2404 1124 2460 in
1143 2400 1202 2458 srtu
1219 2399 1320 2459 unice

278 2500 463 2566 conveniat.
514 2501 558 2560 Et
573 2499 612 2560 lic
626 2500 773 2563 describit
785 2502 1012 2565 Tieffentbaler
1027 2503 1067 2562 T.
1088 2521 1118 2565 r.
1140 2521 1173 2580 p.
1190 2513 1236 2576 15
1241 2518 1265 2579 9
1277 2499 1319 2579 sq.

278 2596 445 2668 Elalrhad,
472 2617 566 2679 quam
581 2621 599 2662 a
617 2603 789 2685 gentilibua
802 2604 909 2684 Peag,
933 2603 1032 2682 Pn'ag
1051 2613 1084 2664 et
1099 2602 1187 2679 Prag
1203 2599 1321 2662 vocari

280 2698 369 2760 dicit.
406 2699 557 2761 Fluvium
577 2701 711 2764 alterurn
724 2703 860 2786 adpellit
873 2703 1004 2773 Zemua.
1028 2701 1161 2764 liennell
1178 2703 1318 2768 Iamna.

279 2799 408 2879 (Plinio
424 2800 457 2869 6.
476 2816 536 2864 or.
552 2799 573 2866 s.
595 2817 649 2877 1¹7.
666 2803 828 2875 Iomanes,
853 2805 909 2884 qui
929 2815 1035 2864 tamen
1056 2801 1124 2884 posi
1143 2799 1183 2862 ab
1204 2802 1318 2863 Eran-

278 2897 382 2962 nobua
398 2899 581 2985 distinguit)
606 2903 640 2964 in
656 2906 745 2965 cuiua
758 2904 903 2967 ulteriori
917 2905 984 2986 ripa
997 2923 1071 2964 cum
1085 2903 1193 2972 iaceat,
1220 2899 1319 2964 facile

254 3001 457 3090 ‘commistio
473 3001 525 3063 illa
546 3004 744 3084 quorundam
768 3002 955 3088 scriptorum
977 3005 1052 3066 oriri
1071 3007 1191 3085 potuit,
1214 3004 1321 3064 matti·

277 3119 331 3162 me
347 3121 420 3162 cum
433 3101 561 3186 Gangen
577 3103 732 3166 imbribus
746 3118 855 3168 auctus
869 3106 909 3166 ad
928 3102 1025 3187 ipsam
1040 3102 1150 3164 urbem
1171 3105 1319 3165 accedat.

279 3200 509 3263 Tieffentbalet
534 3203 629 3265 etiam
656 3204 830 3268 obeliacum
854 3204 1026 3287 descripsit,
1063 3202 1113 3265 sed
1138 3202 1178 3263 de
1201 3218 1322 3266 vetere

279 3301 491 3382 adpellatione
509 3304 589 3364 nibil
605 3304 731 3370 adtulit.
781 3306 858 3377 elit,
882 3325 961 3388 quoa
975 3301 1060 3374 vidi.
1083 3303 1139 3364 ubi
1153 3303 1186 3367 h.
1203 3304 1320 3366 Paret·

279 3403 455 3481 poor-laer,
466 3467 467 3472 ,
480 3405 529 3464 uti
547 3403 649 3486 Bayer
664 3405 732 3468 bist.
747 3408 837 3490 regni
851 3405 953 3470 Bactr.
968 3427 999 3488 p.
1017 3407 1071 3469 16.
1085 3423 1208 3466 nomen
1221 3405 1318 3466 Pali·

277 3499 392 3562 botbra
417 3501 450 3562 in
473 3503 620 3566 lodicum
645 3507 812 3568 transtulit.
864 3507 1035 3589 inprimit
1056 3505 1088 3566 id
1112 3507 1317 3589 argumentit

278 3601 433 3662 arlslruete
450 3617 580 3666 conatur
596 3605 638 3666 esi
654 3607 842 3668 liennelliut
863 3609 896 3667 in
914 3606 1070 3671 Memoira
1084 3641 1136 3652 -
1150 3627 1183 3687 p.
1202 3615 1254 3688 49
1272 3605 1314 3688 sq.

281 3699 407 3782 Nempe
425 3706 648 3785 propePatna
663 3707 741 3766 olim
757 3707 807 3768 illa
822 3706 898 3770 urbe
912 3706 1044 3768 steterat.
1082 3706 1197 3769 Strabo
1213 3709 1314 3768 etiam

284 3813 338 3877 15.
356 3810 483 3884 prm.
499 3802 519 3863 s.
537 3802 619 3890 689.
634 3807 711 3867 dicit
730 3827 769 3868 ex
785 3807 913 3870 Oceano
936 3806 1066 3869 adverso
1084 3806 1194 3890 Gange
1218 3827 1315 3888 quoe·

276 3899 350 3960 dam
367 3915 476 3964 vector
488 3903 547 3966 else
563 3906 601 3966 ad
617 3905 797 3968 Palibothra
812 3927 923 3988 traque.
958 3907 1031 3969 Post
1044 3902 1199 3994 μεγίστην
1213 3903 1314 3972 πόλιν

275 3999 420 4080 adpellat,
444 4001 528 4064 Plin.
547 4025 572 4066 c.
591 4007 612 4068 l.
634 4000 851 4097 ampliffimom
873 4001 1113 4098 ditiffimomque
1131 4007 1312 4081 civitatem,

274 4097 361 4163 uude
376 4101 472 4164 etiam
487 4103 667 4170 Palibotbri
681 4108 758 4170 dicti
771 4105 909 4182 sueriut5
932 4105 1160 4173 usitabant.
1176 4127 1211 4192 p.
1222 4121 1311 4192 485.
