2696 4896
128 425 339 485 rnrour.
366 425 475 486 net.
515 427 625 488 unt.
668 425 772 486 ott.
815 426 893 500 tr.
971 440 1031 520 ⁸89

27 607 131 670 Heeren
149 621 175 664 o
191 603 212 663 1.
246 603 300 664 etfi
324 621 364 664 ex
383 601 655 686 Geogrnpborum
676 595 848 663 notatione
864 579 964 664 unice
987 599 1030 665 ad

28 700 202 773 Britannicas
226 700 445 790 (Soerdingss)
470 701 636 788 pertinere
661 699 838 770 existimat.
871 701 1057 766 &interi-t

29 809 182 870 distamen
203 801 343 866 omnino
366 803 460 866 molit
481 806 523 867 de
543 801 646 866 stanni
668 801 824 888 emporiis
843 801 1030 892 inteiligere

29 925 50 970 tt
66 903 223 990 explicare.
264 907 381 970 Strabo
398 904 454 969 lib.
472 921 504 984 3.
522 921 602 968 extr.
630 924 752 966 novem
774 907 813 966 ab
835 902 1029 969 hominibus

28 1004 94 1090 ragio
112 1001 246 1068 habitari
267 1004 384 1080 refert,
407 1027 549 1094 quorum
561 1004 713 1069 vestitum
732 1003 901 1078 describit,
929 1028 1029 1070 unam

29 1109 151 1170 desertam
177 1107 256 1179 effe,
284 1129 386 1193 quae,
420 1109 580 1192 subpreido
606 1105 774 1174 Strabonis
799 1104 954 1182 nomine,
979 1129 1028 1172 re·

16 1206 86 1295 ‘petit
96 1207 231 1272 Etonu
251 1209 294 1270 ad
307 1207 443 1290 Dionys.
458 1232 490 1274 v.
507 1211 590 1288 561.

81 1357 197 1440 Seno)
244 1361 298 1422 De
317 1361 395 1433 hac,
422 1361 512 1446 qnod
529 1358 683 1447 equidem
702 1357 819 1433 icium,
846 1362 933 1445 apud
955 1364 1027 1425 nnl-

28 1463 77 1522 lum
99 1457 192 1521 atium
217 1460 284 1545 legi
313 1463 482 1526 hactenus.
515 1482 699 1526 vsnrtnvo.
760 1461 898 1526 Videtur
927 1461 1028 1526 huius

27 1581 128 1648 quoque
158 1557 342 1625 ineminidde
367 1561 552 1626 Antoninus
585 1561 620 1626 in
650 1561 817 1626 maritimo
845 1560 1028 1637 itinerario,

29 1663 354 1745 [pog.5o9.Weidel.]
388 1667 408 1726 st
433 1661 568 1750 quidem
591 1666 677 1750 apud
704 1663 799 1728 illurn
830 1657 1029 1759 Uxantisma

29 1763 109 1846 [qnod
123 1763 266 1827 reddidit
281 1763 381 1828 unice
392 1765 552 1830 Cellarius
568 1763 604 1830 in
613 1769 731 1850 Geogr.
743 1781 809 1828 ent.
830 1785 862 1843 e,
878 1785 909 1838 e,
924 1769 1028 1849 rto]

29 1860 146 1925 inibitur
175 1885 234 1948 pro
268 1867 412 1930 Uxantis
438 1869 528 1933 Sina.
593 1865 703 1932 Hodie
729 1865 833 1929 insula
859 1863 915 1928 ista
942 1864 1028 1930 nihil
1066 1934 1070 1942 ,

27 1963 143 2026 continet
158 1967 328 2050 singulare.
367 1970 392 2030 Δ
410 1967 511 2032 Gallis
531 1986 666 2034 vocatur
682 1969 746 2030 Isds
762 1969 801 2030 ds
819 1969 955 2040 Saincts,
972 1968 1027 2030 est·

28 2085 73 2148 que
91 2065 204 2129 Bredtae
230 2071 386 2153 oppositu.
421 2091 568 2134 vossrvt.
636 2067 732 2132 Vodsd
760 2067 1029 2134 emendationem

28 2183 76 2224 non
95 2167 239 2249 probavit
261 2170 385 2242 solum,
429 2171 481 2232 sed
508 2185 541 2232 et
565 2171 714 2256 expressit
738 2167 966 2255 Weffelingius
990 2169 1028 2234 in

29 2263 183 2342 Antonino,
224 2267 383 2356 idemque
408 2273 600 2335 Cambdeno
623 2289 656 2335 et
675 2274 796 2335 Volesro
823 2269 858 2334 in
880 2287 1027 2335 mentem

28 2363 117 2428 reniffe
138 2368 236 2434 addit.
291 2371 435 2436 Ortelius
457 2371 493 2435 in
517 2374 665 2436 thesauro
689 2375 807 2458 Geogr.
823 2375 855 2436 h.
877 2396 909 2436 v.
934 2389 1029 2458 putot

29 2464 50 2526 d.
63 2467 111 2528 ede
123 2469 279 2554 Heyzont,
300 2471 349 2536 uti
366 2489 485 2536 nautae
498 2491 630 2552 vocant,
656 2472 727 2538 aliis
746 2467 900 2564 Oneffant
914 2477 1025 2558 vulgo.

29 2565 120 2630 Contra
145 2571 218 2636 onia
244 2577 361 2647 Senoe,
388 2575 510 2660 (vulgo
528 2575 629 2660 Seyn)
662 2573 773 2648 fluvii,
807 2573 1027 2658 cognominis,

29 2666 83 2728 tede
99 2669 206 2736 Coelio
223 2673 416 2760 Rhodigino
432 2679 506 2740 dect.
525 2675 649 2762 antiqu.
670 2695 701 2750 e,
721 2692 777 2754 33.
799 2675 895 2760 ponit
917 2677 1027 2739 Ferra-

29 2763 76 2829 tius
89 2767 119 2831 in
139 2775 216 2838 Lex.
238 2777 357 2860 Geogr.
378 2779 411 2840 h.
427 2799 460 2840 v.
494 2778 535 2839 nd
557 2799 656 2863 quem
676 2779 890 2840 Boudrnndus
912 2793 1028 2841 monet

30 2865 252 2938 tetenstete
268 2879 344 2940 Sain
366 2894 397 2940 et
420 2881 505 2940 mele
529 2877 577 2941 ibi
600 2876 852 2941 commemorari
874 2897 891 2940 a
909 2877 1027 2942 Coelio

28 2966 182 3055 dhodigino
215 2981 338 3041 Senam
371 2977 521 3042 fluvium.
581 2983 622 3042 At
655 2981 695 3042 stc
729 2995 841 3043 contra
876 2983 1028 3043 umbram

29 3087 152 3152 pugnant
202 3077 338 3143 Coelius
368 3079 578 3164 Rhodiginus
603 3078 694 3142 enim
714 3105 726 3142 r
735 3095 769 3160 3,
795 3095 851 3157 33.
879 3085 967 3159 (non
994 3099 1026 3153 o.

31 3175 86 3250 33.)
107 3171 187 3238 nihil
210 3180 252 3241 de
275 3184 334 3244 srtu
357 3197 390 3244 et
413 3179 549 3244 nomine
571 3179 694 3244 insulae
718 3179 853 3253 adtulit,
884 3181 939 3244 sed
958 3197 1030 3244 ton·

29 3279 92 3342 mm,
114 3295 190 3360 qnae
206 3283 248 3344 de
271 3279 447 3346 Gallicenio
462 3281 555 3345 dedit
569 3284 674 3356 Mela,
703 3297 828 3346 mutata
848 3269 1027 3347 veiborurn

30 3363 122 3447 imma,
148 3379 303 3447 reddidit,
354 3385 392 3445 ln
412 3381 581 3468 posteriori
606 3381 743 3447 nomine
764 3381 889 3445 nostrae
913 3381 1027 3450 aetatis

30 3473 158 3540 consentit
185 3481 285 3546 etiarn
317 3483 554 3568 Weffelingins.
625 3485 725 3571 Quod
755 3481 846 3547 enirn
875 3485 1028 3568 Heyzont

31 3563 179 3666 (difflant)
198 3582 328 3669 putavit
347 3585 407 3647 effe
423 3584 585 3660 Ortelius‚
618 3583 653 3647 in
671 3583 838 3649 Antonino
854 3584 1027 3650 esteden·

30 3671 69 3742 tis,
91 3675 121 3738 in
132 3681 240 3748 Plinio
254 3697 290 3766 4,
309 3701 366 3767 3o.
384 3687 405 3748 d.
426 3688 479 3750 16.
500 3689 663 3759 Attentos,
690 3683 802 3748 feriori
819 3683 916 3748 aetati
935 3679 1024 3778 Offa.

30 3768 80 3835 Vidl·
92 3781 257 3872 Weffeling
272 3809 300 3850 c.
316 3790 337 3851 d.
382 3787 471 3849 Turn
485 3809 565 3850 veto
580 3787 684 3851 nostra
699 3785 830 3848 videtur
845 3787 907 3848 effe
921 3785 1025 3851 Plinii

30 3867 146 3956 dianio,
166 3909 305 3973 proquo
321 3904 429 3951 tomen
445 3893 557 3953 Amnis
570 3892 683 3974 legunt
699 3883 860 3949 Harduini
881 3885 1023 3954 codices.

84 4030 233 4101 Gadddei
265 4039 469 4126 numinis)
519 4041 556 4103 ld
582 4035 755 4124 intelligit,
780 4037 871 4123 quod
892 4059 1024 4123 genera·

29 4117 80 4188 iter
93 4134 169 4198 osui
188 4138 333 4204 venerati
352 4143 418 4206 sint
457 4143 689 4232 Quodcunque
705 4137 741 4202 id
757 4140 890 4204 tandem
910 4139 1023 4222 fuerit,
