2650 4896
99 417 308 476 ruroutr.
338 415 447 474 orac.
488 417 599 477 cnr.
639 416 773 481 cvm·
815 417 894 490 te·
957 433 1021 500 509

11 592 65 658 lr.
78 587 241 654 Χαλδαῖοι.
285 591 347 654 Sed
369 611 484 674 parum
501 593 535 654 in
552 591 615 656 hoc
630 592 686 654 libi
706 593 847 656 constant
864 608 1020 670 anctorer,

10 709 34 757 rt
44 696 116 756 rarie
131 691 362 776 dispertiuntur
377 694 441 756 hoc
454 710 593 766 nomen,
618 696 719 759 veluti
735 696 869 758 Perfidia
885 699 1018 780 populo,

11 797 102 878 laquo
116 793 211 877 lepra.
234 794 463 877 Aethiopibus.
486 795 755 882 (Agatharchides
770 818 798 861 c.
813 793 860 883 l.)
881 818 1019 880 quornm

11 917 91 980 regem
111 895 227 958 faciunt
252 897 384 980 Cephea
409 895 650 980 (Apollodorus
677 917 708 968 e.
731 909 767 979 4,
792 913 825 979 3.
863 899 1016 982 stephan.

10 996 58 1060 ir.
72 991 171 1084 'terp
197 999 335 1060 Tzetzea
351 999 390 1060 ad
407 999 612 1080 Lycophron.
630 1020 662 1062 v.
674 1009 758 1080 834.
769 1033 816 1048 —
833 1002 920 1083 quod
936 1003 1017 1064 duca

11 1100 87 1160 Clinia
105 1098 286 1171 hittonem,
312 1103 451 1162 maxime
472 1114 597 1183 poetae,
624 1103 786 1164 adfirmare
809 1101 913 1164 lcribit
934 1105 1017 1188 Aga-

9 1199 152 1262 tbarcbide'e
174 1221 202 1264 c.
227 1199 273 1286 1.)
313 1217 346 1264 et
371 1202 561 1285 Aegyptiie.
591 1203 793 1280 (Eustathiue
816 1203 855 1264 ad
882 1204 1014 1283 Dionys.

10 1319 32 1363 r.
45 1306 134 1380 9¹⁰·)
158 1300 242 1366 forte
257 1303 590 1386 propterAetlriopiae
606 1305 767 1374 viciniam,
785 1305 870 1366 uude
888 1303 1016 1386 Cephea

9 1401 91 1462 lleroe
105 1403 220 1464 dicitur
235 1425 253 1466 a
266 1406 435 1487 Propertio
449 1415 484 1484 4,
500 1401 533 1475 6,
551 1417 609 1484 73.
639 1407 742 1491 Vulgo
759 1420 864 1466 tamen
881 1405 1015 1468 Aethio·

9 1505 61 1584 piae
74 1523 120 1564 rex
140 1503 229 1568 inille
251 1520 404 1569 narratur.
457 1509 502 1570 At
524 1527 597 1568 curn
617 1507 844 1572 Andromedae
867 1505 1013 1570 aPerleo

8 1602 122 1666 libertae
136 1603 276 1670 fabulam
293 1607 332 1669 ad
348 1609 448 1690 lopeu
469 1608 674 1680 Palaestinae,
701 1611 752 1671 rel
769 1609 945 1672 Phoenices
968 1627 1015 1672 re·

9 1699 62 1764 leni
82 1704 187 1780 laleat,
222 1729 265 1774 eo
296 1711 405 1793 potina
430 1709 559 1772 videtur
584 1707 754 1793 pertinere.
808 1712 854 1772 lta
879 1709 1013 1791 quidem

8 1803 96 1867 Conon
110 1823 221 1874 namet.
238 1821 301 1894 qo.
316 1810 431 1882 scribit,
460 1811 583 1894 Cephei
599 1831 734 1897 regnum
749 1809 817 1894 poll
832 1810 1012 1874 Phoenicen

9 1922 99 1968 romeu
119 1908 268 1974 sortitum
291 1911 362 1976 elle.
413 1913 474 1975 Sed
499 1913 539 1974 de
560 1913 691 1995 Cepheo
708 1914 774 1974 vid.
793 1913 831 1973 ad
845 1932 880 1996 Ιι,
904 1931 958 1983 tt,
978 1923 1012 1992 3.

10 2006 45 2065 lle
62 2011 173 2094 origine
194 2015 340 2077 neminie
364 2013 516 2076 Chaldaei
542 2016 663 2096 prolixe
690 2012 812 2077 dirlerit
831 2013 1012 2098 Stephanua

11 2103 72 2170 hv.
97 2115 147 2192 qni
167 2115 337 2198 Cephenea
361 2117 459 2178 etiarn
483 2115 661 2180 Chaldaeae
682 2129 813 2178 vocatos
837 2110 934 2178 effe‘a
954 2114 1014 2179 Ce·
1079 2181 1084 2195 ‚

12 2206 72 2288 pbeo
89 2210 204 2288 lnibit‚
240 2217 300 2277 nili
321 2215 403 2280 forte
426 2217 629 2300 transpositae
648 2217 718 2279 lunt
739 2230 888 2298 utraeque
907 2233 1012 2288 vocer,

11 2321 36 2368 rt
53 2331 114 2374 enm
138 2319 403 2399 praecerlenribua
426 2321 562 2382 narratio
587 2333 786 2404 congrueret.
830 2319 1014 2381 Hellanicna

13 2403 143 2494 hiplerau
168 2435 301 2482 mortuo
315 2419 456 2502 Cepheo.
483 2441 555 2482 curn
574 2421 689 2484 militer
706 2441 744 2483 ex
760 2421 924 2500 Babylone
941 2438 1014 2501 pro·

11 2503 65 2573 leni
78 2514 268 2599 Cepheniam
284 2520 500 2604 occupallent,
526 2541 646 2584 nomen
661 2536 818 2584 mutatum
834 2521 904 2586 effe.
945 2519 1013 2583 No·

12 2628 65 2674 rnen
76 2635 90 2676 a
103 2617 263 2684 Chaldaeo
280 2624 418 2704 quodam
434 2624 564 2686 duxerat
585 2625 793 2688 Dicaearchua
809 2624 849 2684 de
866 2623 1013 2685 Graeciae

12 2709 81 2787 ⁸²³⁰·
110 2741 148 2781 er
172 2743 239 2806 quo
263 2741 355 2786 natue
381 2721 476 2786 fuerit
504 2725 626 2796 Ninue,
660 2725 833 2805 Babylonia
854 2725 1012 2796 conditor,

14 2809 130 2900 huncque
146 2843 260 2888 omnea
276 2825 454 2890 Chaldaeos
477 2828 509 2886 in
532 2847 632 2888 unum
649 2825 854 2912 congregabo.
900 2825 1015 2888 Hiero·
1034 2816 1040 2826 ’

12 2923 156 2991 brunin
185 2927 305 3009 quaell.
338 2927 374 2987 ad
409 2926 521 2990 Genel.
547 2945 605 2998 aa,
632 2943 691 2991 aa.
725 2947 746 2988 a
771 2917 901 3018 Chased
925 2927 1015 2987 ducit

16 3011 153 3108 Glosdt'nt.
184 3031 206 3092 i.
228 3050 257 3090 e.
279 3029 474 3097 Chaldaeoe.
505 3031 553 3090 uti
576 3032 731 3091 nimirum
760 3028 855 3089 etiam
879 3027 1015 3092 Alexan·

14 3111 77 3179 drini
101 3125 354 3214 interpretentur.
405 3131 513 3212 Atque
535 3131 621 3214 ,hanc
649 3131 838 3213 opinionem
873 3127 1016 3210 plerique

15 3211 165 3297 Quonim.
200 3231 273 3295 Vid.
289 3231 436 3294 Perizon.
451 3235 485 3292 in
501 3233 654 3295 addendis
669 3231 707 3292 ad
729 3230 843 3315 origin
861 3229 1016 3308 Babylon.

15 3333 66 3402 Pig-
81 3329 142 3400 366
158 3331 221 3416 qu.
263 3333 395 3394 lllorum
411 3331 638 3415 antiquill'rmae
656 3331 758 3404 ledea,
784 3333 866 3394 duce
881 3329 1016 3411 loiepho

16 3422 106 3504 antiqu,
121 3432 187 3510 lud.
213 3448 241 3504 t.
265 3437 297 3504 6.
319 3437 395 3513 (7.)
411 3445 445 3516 4.
473 3448 627 3517 quaerunt
643 3435 741 3517 aliqui
758 3436 791 3494 in
808 3421 1019 3522 Arphechsad

16 3525 134 3605 regione,
157 3537 254 3614 (vide
277 3535 366 3618 lnpra
391 3537 431 3598 de
452 3537 605 3616 nomine)
637 3555 720 3620 quae
738 3534 918 3598 Ptolemaei
931 3533 965 3603 6,
988 3554 1017 3594 1.

17 3625 212 3706 Arrapachitis
234 3659 273 3699 ex
291 3639 495 3720 corruptione
515 3639 625 3700 rrlrtata
642 3639 813 3700 nominum
834 3633 892 3698 elle
913 3634 1019 3696 videa·

17 3730 67 3796 ¹⁰¹·
87 3731 163 3799 inter
179 3738 333 3817 Allyriam
351 3753 385 3799 et
401 3742 599 3810 Armeniam,
625 3741 681 3801 ubi
698 3741 822 3802 Pliniua
834 3737 867 3806 6.
892 3757 944 3799 to.
965 3735 1020 3796 Sa·

18 3823 110 3897 limos
129 3839 148 3900 i.
163 3859 192 3904 e.
211 3839 369 3922 Capherea
390 3843 494 3923 ponit.
529 3843 583 3905 Sic
600 3859 698 3924 prope
714 3839 900 3904 Armeniam
918 3839 1023 3898 Xeno·

17 3923 87 4000 lh⁰¹1
99 3935 134 4002 de
148 3943 285 4022 expedit.
303 3941 380 4020 Cyri
399 3953 432 4024 lp.
451 3957 483 4022 5.
502 3943 714 4026 deprehendit
731 3939 918 4010 Chaldaeos,
942 3957 1022 4020 quoa

19 4019 110 4096 liberor
127 4055 158 4101 et
177 4041 274 4106 iortea
294 4040 382 4104 inille
407 4043 522 4108 lcribit.
573 4045 745 4109 Armeniae
764 4041 917 4104 finitimos
936 4041 1023 4102 idern

19 4119 74 4193 lacit
86 4136 297 4230 iuCyropaed.
315 4159 347 4226 5.
365 4163 395 4210 t.
419 4160 451 4210 et
467 4145 537 4231 poll
553 4159 677 4211 coactor
693 4143 782 4208 inille
798 4155 900 4206 narrat
915 4160 1026 4227 pacem
