2650 4896
102 412 302 472 rnronr.
334 411 443 468 nor.
484 411 595 468 nm.
636 411 757 476 ovn.
799 412 930 484 ens.
973 424 1035 496 249

33 587 105 653 ros
126 607 176 650 ιι.
197 603 270 648 cum
286 587 371 656 aliie.
393 603 474 668 quoe
490 583 535 646 ibi
551 583 701 668 producit
716 584 913 652 Horduinrit.
940 587 1035 652 idern

29 691 105 756 hodie
116 690 147 751 in
159 685 319 770 Abysstnia
333 689 402 751 fieri
416 702 519 750 narret
534 687 647 751 Brute.

37 841 40 856 Δ
81 855 222 938 navia)
267 857 350 918 Sunt
373 844 546 944 μονόξυλα
571 851 693 927 πλοῖα,
718 857 767 918 uti
787 871 905 921 vocent
918 859 1036 940 Polyb.

30 971 111 1042 949,
125 977 158 1024 2.
183 959 337 1041 Hippocr.
361 959 400 1020 de
423 977 486 1022 aer.
503 977 570 1040 cap.
585 967 619 1034 8.
658 955 710 1022 cf.
725 960 840 1022 Lirint
859 976 917 1031 οι,
936 963 995 1026 26.
1011 961 1035 1027 s.

26 1064 93 1126 Talin
112 1055 259 1148 πλοιάρια
283 1045 455 1146 μονόξυλα
478 1063 512 1122 in
533 1057 632 1122 insula
650 1059 774 1122 Arabici
796 1059 881 1124 finnt
897 1081 1037 1124 comme·

27 1177 106 1226 morat
124 1164 271 1226 Arrianus
293 1163 327 1222 in
348 1161 469 1244 periplo
485 1162 580 1222 moris
602 1161 730 1239 Erythr.
744 1182 777 1246 p.
798 1182 854 1228 ιο.
867 1162 966 1226 Huds.
991 1157 1038 1238 οἷς

25 1265 146 1352 χρῶνται
160 1260 239 1350 πρός
264 1257 359 1326 ἁλίαν
386 1255 441 1325 καὶ
463 1253 566 1350 ἄγραν
582 1258 741 1347 χελώνης.
780 1263 926 1325 Asmndie
939 1264 1037 1327 hodie

27 1363 109 1428 vocari
126 1379 213 1428 notet
227 1363 275 1424 ibi
289 1363 438 1427 Stuckine
452 1383 523 1449 pag.
543 1377 601 1442 5ο.
626 1383 666 1426 ex
681 1363 830 1427 Odoordo
846 1364 981 1428 Borbosn
1002 1369 1037 1428 in

28 1465 102 1530 descr.
115 1467 238 1550 dngot.
267 1465 354 1527 urbis
373 1465 571 1548 Aethiopiae.
622 1465 815 1528 Heliodorus
835 1486 865 1528 ι.
887 1485 959 1550 pag.
976 1480 1035 1544 57.

26 1573 57 1630 itr
82 1565 238 1630 describit:
288 1563 422 1653 λιμναῖα
458 1561 574 1654 σκάφη
605 1562 672 1629 dno*
703 1560 806 1654 μόνον
839 1551 947 1640 ξύλου
980 1559 1036 1630 καὶ

27 1663 140 1756 ορὲρνου
164 1663 293 1753 παχέος
315 1663 384 1742 ἑνός
409 1663 637 1755 ἀγροικότερον
668 1661 893 1758 κονλανόμινα.
944 1667 1037 1733 Cete-

25 1791 80 1830 nnn
97 1770 177 1832 hunc
198 1771 309 1832 socom
331 1769 476 1830 adhibito
492 1769 600 1830 Plinio
617 1769 783 1832 Boccotine
803 1769 843 1831 de
857 1769 947 1832 sium.
967 1769 988 1834 s.
1003 1791 1038 1835 v.

26 1871 144 1933 doeinut
158 1869 197 1932 sic
210 1870 372 1932 reddidit:
410 1869 589 1932 Circaeon
600 1862 719 1961 senine
739 1869 909 1932 arundines
927 1883 1039 1934 tantae

25 1971 230 2052 magnitudinis
254 1984 352 2053 atque
379 1965 537 2062 grofficsei‚
567 1983 605 2032 nt
640 1971 752 2053 rngnsa
773 1991 880 2034 eantm
902 1971 1038 2036 interno·

24 2071 64 2134 da
81 2071 184 2134 incolit
203 2071 403 2170 praestentur
424 2073 568 2154 navigia.

159 2245 190 2322 §.
221 2255 257 2322 5.
308 2239 515 2324 Lino—)
563 2241 1037 2322 Antan.in1ndic.c.15.ex

27 2341 144 2405 Nearcho
160 2345 241 2406 haec
254 2339 351 2404 refert
366 2344 406 2404 de
416 2343 547 2406 vestitu:
572 2339 708 2428 Ἐοθῆον
724 2339 809 2428 λννὲρ
824 2341 1039 2432 χρέονται-

26 2439 97 2508 λίνον
117 2443 175 2508 τοῦ
198 2437 271 2508 α’πό
292 2441 358 2506 τῶν
383 2439 539 2530 δενδρέων.
594 2443 712 2506 Linum
730 2457 837 2506 cutem
863 2441 1039 2506 candidissi-

25 2525 194 2607 nurn‘suiise
215 2545 374 2630 adiungit.
429 2545 531 2606 Multo
548 2545 688 2628 disputat
706 2545 823 2608 dehoc
839 2545 943 2608 Mesae
965 2548 1037 2609 loco

25 2645 125 2708 Salmas.
150 2649 188 2708 ad
213 2647 319 2710 Sosin.
344 2667 376 2729 p.
397 2667 442 2708 m.
467 2663 533 2720 7οι
556 2644 597 2727 sq.
631 2666 771 2729 euntque
796 2649 879 2709 mose
902 2649 1039 2718 retulisse

25 2761 94 2824 putet
109 2749 228 2812 desino
243 2767 380 2829 cumque
397 2747 465 2808 lano
482 2746 633 2810 miscuisse
649 2749 818 2832 deceptum
834 2745 917 2812 sorte
933 2765 1040 2812 αιιοιο·

25 2847 166 2911 desiraeci
180 2849 235 2912 hit
251 2847 372 2910 verbis:
397 2839 488 2910 'indos
512 2845 583 2934 ἐρίῳ
600 2847 760 2936 χρῶνται,
782 2845 802 2936 ἢ
820 2846 910 2930 λίνῳ,
927 2853 981 2932 qni
1000 2850 1039 2911 stc

25 2947 106 3010 linum
126 2950 185 3012 esse
208 2969 250 3012 en
273 2948 437 3011 arboribut
458 2949 617 3012 innuisset.
689 2951 732 3012 Et
751 2953 886 3014 omnino
909 2951 978 3012 sane
1000 2949 1041 3011 ad

25 3049 108 3110 sinum
125 3053 204 3112 illud
222 3065 359 3132 utroque
378 3049 474 3122 sensu,
500 3067 537 3112 nt
555 3053 677 3112 dictum
696 3051 750 3126 esi,
777 3053 936 3134 pertinere
951 3051 1043 3113 vide·

26 3162 66 3210 tur
78 3167 202 3236 propter
213 3153 337 3215 Arriani
352 3152 547 3234 aliorumque
563 3153 791 3214 tessimonium.
815 3147 916 3214 Possis
931 3164 1040 3215 tomen

26 3250 125 3316 Melam
143 3255 225 3316 tueri
240 3273 279 3314 ex
289 3253 401 3316 Curtio
411 3263 443 3330 8.
455 3271 488 3332 9,
502 3264 557 3330 15.
579 3253 653 3314 ubi:
670 3266 754 3314 terro
768 3245 942 3344 sinistrant,
958 3253 1042 3315 unde

26 3351 158 3438 plerisque
169 3347 256 3447 sunt
268 3352 377 3448 vestes.
417 3353 539 3418 Diserte
555 3355 669 3418 Strabo
688 3365 743 3432 15.
761 3375 794 3439 p.
812 3365 897 3436 477.
914 3353 935 3417 s.
953 3356 1038 3435 695.

25 3453 51 3512 in
67 3456 167 3519 sndiae
190 3456 355 3519 arboribus
375 3457 481 3516 sonom'
497 3454 613 3518 innasci
638 3454 757 3526 scribit.
790 3456 876 3517 unde
894 3455 1040 3518 Nearcho

26 3553 85 3618 tesso
100 3557 244 3620 indonet
259 3557 472 3626 conficiantur,
499 3555 519 3618 s.
536 3559 642 3627 etiam,
668 3577 747 3640 quae
765 3555 857 3620 serica
873 3571 1041 3622 vocentur.

27 3655 163 3721 Deserico
173 3675 206 3720 et
220 3657 411 3738 bombycina
425 3659 568 3740 pluribue
583 3656 872 3743 disseritCagnatue
888 3678 968 3720 verr.
985 3659 1042 3721 ob·

26 3752 132 3822 servato.
150 3769 184 3840 4,
207 3781 262 3823 ιι.
285 3757 335 3821 Os.
354 3758 451 3843 supra.
491 3759 648 3822 Ornatum
663 3759 798 3822 vestium
814 3763 939 3821 notovit
953 3759 1042 3824 idem

27 3855 141 3923 Curtius
157 3881 193 3942 9,
216 3881 245 3932 1,
262 3879 320 3942 29.
357 3860 408 3924 Cs.
426 3860 539 3923 Strabo
559 3875 614 3940 15.
632 3881 664 3945 p.
680 3869 764 3944 488.
779 3859 801 3923 s.
820 3875 904 3942 709.
1011 3867 1013 3878 '

87 4031 221 4092 avium
252 4021 552 4120 ferarumque)
602 4029 701 4094 Addit
721 4029 841 4094 Atrion.
864 4031 897 4092 in
923 4027 1044 4096 Indicit

26 4147 81 4213 cap.
97 4139 154 4216 ορ.
174 4127 196 4194 s.
217 4123 363 4225 piscium.
401 4131 513 4196 Libros
527 4129 672 4198 arborum
689 4131 785 4197 habet
802 4133 923 4204 Herod.
938 4147 970 4216 3,
980 4143 1041 4215 98.
