2650 4896
225 437 231 447 ,
278 374 339 438 200
544 359 703 424 uorsa
741 359 1042 426 arrosrrear

280 558 351 622 cap.
370 551 427 618 35.
444 536 466 600 s.
483 539 539 614 36.
560 559 592 621 p.
614 557 659 604 m.
677 545 761 618 343.
812 535 877 600 sed
903 551 937 604 et
960 531 1077 602 diserte
1102 532 1143 598 id
1167 533 1314 603 adfirmat

280 637 464 704 Euhathius
484 638 525 702 ad
543 637 675 720 Dionys.
693 661 725 702 v.
743 647 800 716 38.
823 635 882 704 ubi
900 640 959 700 sict
984 631 1086 724 ἕτεροι
1106 634 1170 703 τόν
1190 634 1312 726 Ἄραβι·

281 737 338 804 κᾶν
357 736 480 806 κόλπον
499 731 554 804 καὶ
576 737 633 806 rtis
649 735 841 830 Ἐρυθραῖον
859 733 1085 826 ταυτὶζοντες.
1121 740 1168 800 Et
1185 739 1226 801 sic
1240 741 1312 821 Aga-

281 838 467 904 tharchides
492 861 582 904 mare
606 842 744 906 rubrum
766 835 947 912 intellexit,
981 835 1031 902 uti
1057 839 1161 902 docet
1186 839 1311 906 Salmas

280 963 312 1028 p.
335 963 378 1004 nt.
402 955 483 1021 353.
501 963 530 1012 c.
548 945 571 1008 l.
622 943 687 1006 Sed
710 957 744 1005 et
766 942 953 1006 Herodotus
973 959 1005 1011 a.
1028 951 1062 1017 8.
1084 955 1121 1004 et
1151 951 1232 1020 153.
1258 938 1312 1003 ubi

281 1059 405 1115 narrat.
432 1047 578 1108 canalem
593 1040 713 1108 deduci
731 1064 748 1106 ιι
765 1045 921 1114 Patumo,
946 1039 1082 1106 Arabiae
1101 1042 1208 1116 urbe,
1232 1060 1311 1126 quae

281 1141 361 1206 alias
383 1144 425 1206 eh
443 1139 577 1232 Ἡρώων
598 1140 709 1221 πόλις,
735 1141 771 1208 in
788 1164 878 1212 mere
898 1145 1053 1214 rubrum,
1078 1143 1174 1228 quod
1193 1158 1227 1204 et
1240 1139 1312 1206 satit

279 1243 408 1306 Plinius
427 1243 459 1316 6.
482 1262 539 1323 33.
555 1245 576 1309 s.
597 1264 653 1329 29.
675 1267 752 1310 cum
771 1244 942 1310 contrade
965 1241 1017 1306 his
1040 1241 1215 1308 canalibus
1234 1243 1311 1306 Stra·

279 1345 327 1408 bu
343 1369 372 1410 ι.
388 1369 420 1431 p.
439 1349 495 1410 26.
511 1347 532 1410 s.
549 1360 606 1428 38.
629 1360 867 1410 commemoret
887 1347 989 1408 sinum
1004 1342 1199 1408 Arabicum.
1231 1341 1311 1407 Alias

280 1461 390 1510 tamen
414 1451 427 1526 (
439 1467 469 1520 a,
493 1456 591 1530 159.)
614 1449 801 1512 Herodotus
818 1449 921 1511 finum
945 1444 1122 1510 Arabicum
1146 1441 1311 1528 distinguit

280 1569 298 1613 ts
323 1546 405 1611 mari
437 1551 557 1622 rubro,
592 1550 634 1614 ad
660 1550 749 1636 quod
772 1546 868 1614 illum
894 1548 954 1611 esse
980 1545 1102 1620 scribit,
1136 1544 1177 1632 in
1203 1541 1310 1631 primis

280 1667 391 1720 tt‚1s.
429 1649 487 1717 ubi
514 1672 554 1714 ex
580 1649 639 1713 illo
666 1649 768 1714 etiam
792 1647 875 1714 mari
905 1646 1007 1714 ducit.
1059 1649 1157 1711 Idem
1179 1670 1209 1720 ι,
1232 1663 1308 1724 203.

278 1748 427 1814 latissime
447 1748 543 1836 ponit
561 1769 593 1816 et
612 1773 688 1817 cum
703 1749 866 1815 Atlantico
886 1747 1069 1834 coniungit.
1113 1749 1246 1812 Eodem
1261 1767 1309 1809 an·

279 1867 347 1914 tem
370 1853 461 1916 sensu
482 1851 624 1938 intelligi
651 1854 767 1924 debet,
793 1851 924 1936 quando
949 1867 1119 1922 narratur.
1154 1851 1308 1934 populum

279 1951 494 2018 Israeliticum
519 1956 586 2050 ¹1³0
609 1956 672 2028 0³,
705 1949 841 2043 ipuPptiv
862 1947 1038 2019 θάλασσαν
1058 1947 1196 2016 Graecis
1218 1947 1306 2012 iuter·

279 2052 428 2141 precibus
442 2054 563 2138 (Exodi
584 2071 640 2133 13,
660 2065 713 2132 18.
726 2055 792 2141 -)
814 2051 983 2118 transiisse.
1015 2055 1140 2120 Contra
1156 2047 1214 2114 alii
1227 2069 1307 2112 mere

279 2156 417 2218 rubrum
433 2157 474 2217 de
491 2159 560 2220 sinu
573 2157 698 2220 Persico
714 2152 848 2232 dicunt,
874 2170 913 2218 ut
931 2156 1081 2217 locorum
1097 2153 1242 2238 adposite
1256 2169 1306 2212 oo·

279 2251 370 2318 mina
384 2256 516 2320 docent.
542 2255 709 2328 Sicllsolo,
725 2253 857 2320 Mediae
870 2255 1006 2340 satrape,
1024 2255 1080 2317 suh
1091 2251 1303 2316 AntiochoM.

279 2356 464 2422 Seleuciam
488 2359 529 2421 sd
556 2355 686 2443 Tigrim
712 2355 819 2442 capit,
855 2356 1050 2440 subactaque
1073 2351 1256 2436 Babylonis
1277 2365 1306 2414 et

279 2456 371 2526 rubri
400 2453 500 2523 maris
530 2458 686 2544 regione,
721 2459 801 2522 Susa
831 2454 1012 2522 contendit.
1045 2455 1182 2540 (Polyb.
1199 2465 1235 2535 4,
1252 2463 1302 2533 48.

281 2558 332 2622 ef.
347 2555 427 2622 ibid.
442 2580 513 2644 cap.
528 2563 588 2641 46.
604 2571 662 2640 54.
694 2575 748 2638 13,
767 2555 821 2641 9.)
860 2555 998 2622 Persidis
1019 2575 1146 2642 partem
1170 2557 1211 2618 ad
1224 2573 1303 2616 mare

279 2659 415 2721 rubrum
430 2658 527 2746 ponit
539 2663 707 2726 Nearchus
723 2683 754 2746 p.
771 2669 828 2739 34.
838 2659 939 2722 Huds.
958 2674 991 2721 et
1007 2657 1188 2721 terminum
1199 2649 1304 2720 Persici

279 2755 412 2842 imperii
432 2759 539 2826 statuit
560 2763 745 2848 Xenophon
769 2763 892 2844 Cyrop.
909 2770 944 2838 8,
970 2763 1003 2832 6,
1030 2778 1074 2824 oo
1091 2759 1134 2844 sq.
1170 2769 1203 2839 8,
1226 2767 1257 2832 8·
1279 2777 1302 2818 ¹·

280 2881 357 2924 cum
378 2859 488 2926 Plinio
507 2866 540 2937 6,
559 2867 615 2930 asi.
648 2860 811 2926 Traianus
837 2883 896 2946 per
922 2857 1062 2945 Tigrim,
1097 2875 1192 2944 capta
1218 2856 1303 2920 Ctes-

278 2962 423 3047 phonte,
457 2961 493 3026 in
511 2986 600 3028 mare
622 2967 759 3028 rubrum
776 2963 951 3027 subvectus
966 2961 1019 3025 est.
1050 2960 1211 3046 (Eutrop.
1227 2972 1259 3037 8,
1274 2969 1302 3033 3.

278 3060 344 3124 Dio
369 3062 429 3141 68,
457 3076 513 3148 ess.
547 3064 604 3152 qui
631 3065 748 3128 diserte
779 3078 913 3137 monet,
950 3081 1040 3126 rnare
1067 3061 1152 3124 illud
1177 3061 1303 3124 rubrum

280 3163 403 3228 Oceani
418 3165 478 3228 esse
493 3165 653 3253 partem.)
687 3169 739 3230 De
751 3162 889 3250 Tigride
902 3144 994 3228 idem
1009 3164 1143 3226 tradunt
1154 3159 1300 3226 Herodot.

285 3276 415 3346 1‚189.
445 3269 479 3340 6,
500 3287 555 3332 so.
589 3265 727 3332 Diodor.
748 3263 886 3347 Sicr9,
908 3281 963 3341 17.
996 3256 1298 3328 SeneceinTrord

278 3381 311 3430 v.
332 3389 386 3431 ιι.
411 3368 526 3432 Strabo
548 3391 600 3432 ιι.
616 3371 741 3453 [4564.
759 3368 873 3446 [529.
901 3367 994 3430 Curt.
1012 3377 1046 3444 5,
1064 3389 1095 3437 ι,
1117 3379 1171 3444 ¹5·
1198 3355 1298 3424 Vibius

278 3487 311 3552 p.
334 3487 379 3530 ιιι.
401 3479 455 3544 ι8.
506 3469 570 3532 Sed
598 3472 691 3554 plura
715 3471 787 3533 loca
816 3467 963 3532 conlecta
987 3467 1113 3528 dabunt
1133 3454 1298 3550 ceperis

281 3567 451 3630 observatt.
475 3577 510 3648 4,
536 3579 571 3646 8.
610 3567 668 3635 ubi
702 3565 802 3632 etiam
834 3569 875 3630 de
909 3563 1145 3631 muriatico
1176 3556 1296 3628 disserit·

280 3669 464 3734 Schwartz.
488 3669 529 3732 ed
552 3667 686 3734 Cellarii
710 3672 828 3754 Geogr.
851 3683 916 3733 aut.
937 3683 970 3745 3,
998 3689 1055 3744 ιο,
1071 3669 1134 3746 46.
1167 3661 1295 3728 Reimsr.

280 3771 321 3832 ed
335 3767 435 3833 Dion.
452 3789 481 3834 c.
498 3772 520 3838 1.
546 3769 722 3855 Welseling
744 3771 786 3834 ed
800 3766 938 3832 Diodor.
957 3787 988 3838 e.
1010 3789 1063 3830 ιι.
1089 3782 1123 3830 et
1143 3756 1294 3841 Schweig-

280 3871 426 3934 haeuser.
451 3871 491 3932 ad
512 3874 626 3953 l'olyb.
645 3885 678 3951 5,
699 3875 760 3952 46.
788 3866 992 3956 omninoque
1011 3868 1178 3932 Relandus
1192 3865 1224 3929 in
1239 3855 1295 3923 diis.

282 3970 324 4032 de
339 3972 436 4034 rubro
450 3969 535 4036 mari
556 3971 592 4036 in
608 3971 679 4035 eius
697 3970 873 4036 miscellan.
889 3971 927 4034 P.
947 3993 976 4032 1.
991 3991 1024 4055 p.
1041 3983 1088 4050 59
1106 3969 1171 4054 sqq.
1193 3963 1291 4029 dissert·

285 4090 319 4146 a,
337 4073 371 4142 6.
406 4070 534 4140 Diserte
549 4095 628 4138 vero
645 4071 692 4140 its
705 4075 868 4142 Persicum
883 4073 989 4140 sinum
1001 4066 1127 4144 νοοιιιὶ,
1143 4066 1295 4134 infirmant
