2650 4896
294 367 356 492 dost
561 405 720 468 NOTAE
763 402 1062 464 Exeoerrctr

296 601 403 648 unum
432 572 713 662 coniunctumque
739 599 862 642 nomen
887 575 1006 641 censet.
1065 571 1234 640 Ambitum
1256 574 1320 640 eiua

298 680 533 764 descripserunt
553 677 740 744 Marcianus
759 697 793 742 et
812 677 961 752 Plinius,
993 675 1051 764 qui
1072 693 1104 739 et
1126 675 1190 740 alia
1210 698 1320 740 memo·

299 780 415 850 rabilia
431 781 472 842 de
489 800 527 842 ea
548 778 670 853 adfert,
703 803 781 843 cmn
799 777 932 846 Claudii
953 797 1101 863 ternpore
1123 777 1236 862 legatis
1253 779 1320 842 inde

302 879 447 951 advectis
467 877 658 962 diligentius
682 879 783 944 suerit
805 879 948 968 cognita.
1003 882 1157 964 Obposrta
1176 896 1240 940 erat
1258 901 1320 964 pro·

301 981 470 1052 montorio
490 983 590 1062 Cory,
616 982 838 1060 (Marcianus,
864 985 1094 1060 Ptolemaeus)
1120 982 1193 1053 sen,
1218 979 1319 1043 ut-Pli-

302 1086 380 1152 nius
402 1080 527 1153 scribit,
568 1082 757 1167 proximum
780 1099 849 1148 erat
877 1081 1145 1168 promontorium
1169 1079 1322 1146 Coliacum

305 1182 473 1276 quatridui
504 1183 726 1268 navigatione.
776 1186 891 1250 Strabo
916 1197 969 1262 ¹5·
993 1207 1026 1268 p.
1042 1193 1129 1263 475.
1151 1182 1172 1246 s.
1190 1185 1266 1262 690.
1288 1183 1321 1244 ab

306 1283 457 1356 orientali
472 1285 711 1370 promontorio,
737 1284 797 1349 ubi
813 1283 941 1349 Coliaci
954 1283 1120 1366 (Coniaci)
1137 1281 1321 1358 habitabant,

306 1385 474 1478 quatridui
491 1377 732 1451 itinere'verlus
749 1385 959 1470 Aethiopiam
977 1385 1093 1470 ponit;
1120 1386 1187 1446 hoc
1205 1383 1323 1469 quidem

306 1493 402 1555 male.
439 1487 513 1552 'Post
532 1505 664 1551 auctore
681 1486 861 1553 Onesicrito
878 1509 896 1550 a
913 1485 1099 1551 continenti
1121 1501 1265 1548 removet
1285 1504 1320 1550 ao

308 1590 437 1655 dierum
457 1587 686 1672 navigatione3
721 1586 850 1652 Plinius
868 1611 895 1652 c.
923 1591 944 1651 l.
966 1591 1080 1669 incipit
1104 1586 1146 1648 ab
1170 1589 1239 1650 Eoo
1258 1587 1324 1648 mari

310 1697 391 1756 incer
406 1703 513 1762 ortatur
528 1683 730 1782 occasumque
744 1681 826 1783 solis
848 1690 965 1752 Indiae
985 1703 1172 1770 praetentas
1203 1685 1320 1765 Dionys

309 1817 341 1857 v.
367 1803 450 1872 592.
472 1790 581 1854 versuo
604 1792 745 1854 austrum
767 1787 939 1862 Coliados,
983 1788 1040 1874 qui
1068 1787 1170 1851 etiarn
1191 1809 1322 1870 magnam

309 1893 450 1958 insulam
470 1908 582 1966 vocat,
615 1909 648 1956 et
664 1890 771 1956 eidem
795 1890 1022 1975 promontorio
1039 1891 1080 1952 ad
1094 1893 1223 1952 Eurum
1244 1885 1322 1950 subii·

310 1993 377 2070 eit;
412 1994 542 2056 Orosius
569 2016 598 2067 r,
624 2013 654 2058 a.
677 2017 709 2078 p.
733 2016 777 2056 m.
800 2011 853 2056 ro.
877 2013 917 2054 ex
937 2012 975 2054 ea
998 1994 1170 2055 Oceanum
1192 1988 1321 2052 Indicum

310 2092 458 2177 incipere
488 2092 600 2156 vocari
625 2093 726 2157 addit.
785 2095 912 2178 Nempe
939 2113 979 2156 ex
1008 2090 1136 2154 diversa
1171 2107 1321 2154 auctorum

310 2193 527 2282 progressione
548 2192 604 2256 illa
625 2192 765 2258 iudicari
788 2191 888 2264 etiam
904 2194 1033 2257 debent
1073 2191 1192 2256 Avien.
1209 2216 1238 2254 v.
1254 2207 1320 2273 777.

307 2286 407 2390 super
437 2286 579 2388 aestiferi
611 2308 747 2360 torretur
767 2292 873 2386 srdcrc
902 2299 1027 2368 cencri,·
1066 2295 1161 2356 Haec
1193 2283 1321 2384 immensa

312 2407 417 2480 patet.
462 2393 583 2459 Arrian.
608 2393 645 2459 in
664 2394 791 2482 periplo
813 2393 910 2459 maris
931 2399 1058 2476 Erythr.
1079 2415 1153 2478 pag.
1171 2409 1227 2472 35.
1241 2390 1321 2456 Huds.

314 2501 408 2559 situm
426 2493 564 2559 ostendit
579 2495 615 2558 in
635 2498 785 2561 occasum
797 2497 906 2559 versus
920 2498 1066 2580 Gangen,
1089 2511 1123 2557 et
1138 2496 1180 2558 de
1197 2517 1233 2558 ea
1246 2499 1322 2578 plura

313 2613 567 2669 commemorat,
594 2581 713 2683 quibua
730 2619 770 2660 ex
789 2597 1026 2662 recentioribus
1042 2595 1106 2660 alia
1126 2595 1251 2661 addidit
1265 2598 1321 2658 Stu-

314 2695 409 2762 cuius
430 2721 462 2782 p.
481 2708 527 2774 88
543 2699 609 2784 sqq.
659 2703 807 2783 Longam
825 2696 905 2763 facit
926 2701 1040 2762 Strabo
1057 2710 1078 2774 8
1093 2700 1141 2758 M.
1159 2695 1321 2785 stadiorum,

314 2813 447 2860 auctore
461 2800 682 2873 Eratosthene,
707 2800 760 2862 sed
778 2801 895 2862 codem
908 2797 1036 2862 Plinius
1053 2815 1072 2874 7
1089 2801 1137 2860 Μ.
1156 2795 1321 2868 stadiorum,

313 2914 353 2960 ut
374 2897 448 2972 alii,
480 2919 562 2985 quos
581 2897 629 2962 ibi
652 2899 806 2984 producit
825 2898 1033 2972 lietduinus,
1064 2903 1165 2962 latam
1186 2896 1321 2984 quinque

314 2998 367 3063 cf.
392 2997 491 3062 etiam
509 3003 731 3074 Ptolemaeus,
765 3018 797 3064 et
818 3021 901 3086 quos
923 3001 1016 3086 supra
1038 2997 1197 3064 indicavi.
1244 2997 1322 3062 Vicot

313 3115 455 3174 tantum,
476 3103 582 3165 nullae
598 3105 694 3164 urbes
709 3100 744 3164 in
765 3123 801 3164 ea
816 3103 888 3176 elle,
911 3100 1099 3174 tradiderat,
1126 3097 1235 3164 Plinio
1251 3099 1321 3170 teste,

313 3201 558 3277 Eratosthenes;
588 3201 746 3287 plurimas
767 3219 878 3266 tamen
896 3201 1047 3266 nominat
1062 3203 1278 3272 Ptolemaeus,
1297 3213 1322 3260 et

319 3323 362 3364 ro
381 3298 526 3366 civitatee
544 3300 593 3364 illi
610 3302 725 3367 tribuit
737 3307 867 3368 Orosius
886 3327 916 3377 1,
939 3322 970 3368 a.
996 3299 1133 3390 Μητέρα
1154 3297 1321 3386 ἐλεφάντων

314 3417 412 3464 vocat
439 3401 572 3484 Dionys.
599 3427 630 3468 v.
654 3419 736 3485 593.
771 3426 829 3488 per
854 3403 1099 3475 excellentiam,
1134 3401 1229 3488 quia,
1259 3399 1319 3463 teste

314 3500 495 3566 Onesicrito
521 3506 608 3588 apud
633 3504 790 3578 Plinium,
821 3503 960 3568 maiorer
984 3502 1034 3566 ibi
1057 3519 1088 3566 ct
1111 3503 1317 3571 bellicosiores,

191 3671 200 3692 ‚
315 3623 412 3690 quam
426 3601 461 3665 in
479 3603 582 3682 India,
607 3603 793 3690 gignantur,
819 3607 909 3691 quorl
922 3604 1024 3668 etalii
1040 3605 1185 3667 reserunt
1200 3606 1237 3665 ab
1253 3603 1315 3678 llar-

315 3701 419 3766 duino
445 3702 493 3766 ibi
525 3705 664 3779 laudati,
710 3703 813 3770 veluti
838 3704 952 3769 livien.
978 3729 1009 3768 v.
1034 3721 1118 3782 717.
1144 3707 1315 3788 Stephanus.

315 3801 454 3868 Accedit
472 3807 696 3884 Ptolemaeus,
729 3807 786 3894 qui
807 3805 907 3892 tigres
939 3804 1031 3868 addit
1050 3823 1082 3868 et
1103 3821 1260 3890 praeterea
1273 3823 1315 3863 au·

314 3926 404 3976 rum,
430 3923 600 3988 argentum
616 3923 647 3971 et
662 3906 736 3975 alia.
788 3911 912 3972 incolas
928 3905 998 3969 eius
1014 3907 1105 3968 Sales
1119 3922 1213 3970 vocat
1228 3906 1313 3966 Ptole-

312 4025 444 4076 maeua,
476 4005 629 4091 aquibus
649 4007 769 4073 insulae
791 4030 913 4073 nomen
933 4005 1079 4070 inditum
1097 4004 1233 4069 videtur.
1275 4005 1312 4064 lle

312 4101 487 4184 nominum
503 4121 612 4174 tamen
627 4107 760 4175 illorum
774 4109 956 4178 mutatione
975 4105 1104 4176 dubitat
1117 4108 1267 4178 Dodwcll
1282 4103 1312 4164 dc
