2746 4894
294 427 360 500 gne
566 415 730 514 >tortu
769 365 1075 474 eunonrtctn

300 587 490 660 d’hbiffinie
504 591 580 670 (8.)
596 591 695 654 Tom.
716 609 746 654 ι.
770 611 803 674 p.
822 599 882 670 89.
902 605 1061 653 memorat
1078 607 1174 652 avem
1196 585 1330 670 Abogror,

301 695 408 762 oniti
425 714 601 776 pompeius,
626 711 722 776 quern
747 690 788 752 iic
811 691 976 756 describit:
1010 693 1043 754 tt
1059 683 1151 784 asur
1171 691 1330 754 latitem

301 800 363 863 lieu
386 795 425 858 de
448 797 528 858 crite
560 815 620 856 une
640 807 879 868 commoratio,
918 795 999 856 mais
1025 795 1111 878 lorge
1130 805 1164 855 et
1189 792 1282 854 roncie
1303 805 1331 854 et

301 913 428 966 obverte
446 919 509 980 par
528 896 556 958 le
577 895 663 960 bont.

377 1090 559 1193 Pegasi)
607 1098 691 1165 Plin.
709 1119 737 1164 c.
753 1099 777 1163 i.
795 1099 932 1184 adpeiiat
946 1101 1058 1184 equino
1079 1099 1188 1181 cupite
1206 1097 1331 1160 volucres

302 1219 335 1270 oi
359 1205 487 1268 Solinus
504 1222 532 1266 c.
557 1202 579 1264 Ι.
604 1201 709 1264 alitem
737 1223 805 1262 eam
828 1203 973 1285 equinum
996 1203 1079 1264 niort
1104 1213 1356 1282 praetereunt

301 1305 414 1370 trabere
430 1305 517 1364 dicit.
556 1304 681 1366 Plinius
704 1317 809 1365 temen
826 1304 859 1364 in
876 1303 1006 1385 Scythia
1023 1305 1191 1367 conlocate
1207 1301 1331 1368 videtur.

302 1423 339 1472 ut
355 1407 500 1489 Gryphae
515 1419 624 1467 contra
640 1407 673 1464 in
688 1405 874 1487 Aethiopia.
897 1407 955 1467 nist
970 1419 1110 1468 erratum
1126 1407 1172 1469 est
1189 1406 1223 1464 in
1237 1400 1332 1462 verbit

302 1513 364 1574 Itos
383 1522 417 1571 et
438 1507 525 1576 iilos,
559 1527 754 1589 quamquem
776 1505 948 1571 fabulosam
973 1507 1113 1570 Arabum
1135 1525 1229 1570 avem
1251 1503 1334 1566 ituci

303 1631 377 1674 eom
392 1609 517 1696 grypho
531 1624 691 1692 comparat
709 1606 830 1671 Ludolf
842 1629 869 1672 e.
886 1609 907 1672 1.
927 1612 960 1670 in
983 1611 1212 1673 commento.
1226 1618 1283 1686 92.
1299 1603 1334 1663 ad

301 1713 360 1776 lib.
380 1729 411 1776 t.
425 1731 493 1794 etp.
516 1725 569 1773 ra.
596 1711 650 1771 ubi
671 1709 770 1792 plura.
809 1711 901 1772 Lobo
917 1732 944 1774 c.
957 1713 979 1774 l.
997 1712 1037 1774 T.
1059 1733 1089 1776 t.
1105 1733 1179 1796 pag.
1198 1719 1255 1789 89.
1276 1725 1333 1766 roe·

303 1825 409 1876 morat
434 1813 683 1874 Fauen-Favez
705 1831 749 1872 ou
773 1811 885 1873 coenat
910 1811 948 1873 de
968 1811 1087 1884 diablo.
1115 1833 1214 1897 quem
1240 1807 1333 1868 rideri

303 1917 381 1980 dicit
395 1915 574 1984 hominem,
595 1915 713 1995 plumie
728 1926 896 1984 armatum,
925 1915 1017 1976 celeri
1041 1913 1131 1976 cursu
1148 1927 1182 1977 et
1204 1911 1332 1975 ciconiae

303 2016 541 2102 magnitudine.
574 2015 728 2080 Ceterum
743 2015 800 2076 alia
815 2017 960 2077 animalia
976 2017 1168 2100 Aethiopiae
1181 2009 1334 2078 recensent

302 2119 426 2182 Plinius
451 2131 484 2179 et
501 2117 632 2180 Solinus
655 2131 689 2179 et
707 2137 746 2178 err
767 2117 998 2182 recentioribus
1013 2124 1154 2182 maxime
1170 2112 1285 2178 Ludoti
1301 2113 1331 2174 in

301 2220 373 2284 biii.
388 2218 482 2284 heth.
496 2219 555 2282 lib.
573 2238 605 2284 t.
624 2237 693 2304 cap.
713 2238 754 2284 to
772 2217 833 2302 sqq.

379 2421 432 2486 od
465 2421 641 2504 Eurum)
691 2422 802 2485 innuit
827 2420 1070 2487 Hebess'tnorum
1093 2407 1232 2494 terram,
1263 2429 1332 2503 quie

304 2523 401 2589 hodie
418 2525 543 2586 dieitur.
570 2523 740 2586 Subiacent
755 2527 792 2585 ad
811 2523 1059 2605 innitamurque
1077 2526 1160 2586 iliam
1179 2524 1329 2608 grandem.

303 2627 392 2689 Euro
408 2637 513 2686 autem
529 2625 641 2686 definit
656 2624 796 2710 plagam,
823 2629 907 2707 quod
926 2628 961 2688 iit
982 2627 1056 2686 alibi
1072 2627 1210 2687 omnino
1227 2623 1330 2685 ventit-

306 2727 360 2789 sie
379 2721 540 2815 obpofltur
561 2723 670 2817 austro
688 2741 721 2788 et
728 2718 884 2819 spectans
901 2728 1074 2811 aquilonem
1090 2728 1129 2789 rie
1145 2747 1204 2789 axe
1221 2725 1329 2808 Hygin.

303 2841 390 2912 poet.
408 2825 521 2913 pilton.
541 2845 571 2898 t,
588 2824 658 2906 5.ss
682 2830 850 2890 meridiem
866 2841 899 2891 et
919 2826 1075 2918 anstrum,
1101 2826 1331 2911 septemtriones

304 2943 341 2993 et
352 2927 528 3014 aquilonem
550 2929 659 3014 iungit
674 2931 770 2992 Varro
785 2931 825 2992 de
841 2931 878 2993 L.
896 2930 933 2992 L.
947 2943 982 3010 4,
994 2931 1029 2994 6.
1049 2945 1081 2992 et
1099 2929 1137 2992 ste
1152 2931 1218 2992 alii.
1244 2931 1330 2990 Auro·

303 3052 373 3094 ram
389 3033 429 3092 de
447 3029 590 3093 Orientis
605 3031 734 3113 populis
750 3031 831 3092 dixit
850 3033 960 3116 virgil.
978 3034 1060 3095 Aen.
1077 3046 1111 3105 7,
1126 3031 1214 3096 606.
1249 3027 1331 3092 Cete-

301 3152 375 3194 rurn
408 3144 509 3194 totam
540 3131 622 3193 hanc
646 3133 858 3194 narrationem
884 3133 924 3194 ad
957 3154 1024 3217 cap.
1051 3151 1106 3197 to.
1128 3134 1175 3196 in.
1198 3126 1332 3214 exposuit

304 3232 444 3296 Goffelin
461 3233 493 3294 in
509 3232 693 3296 recherches
714 3231 762 3295 iur
777 3235 805 3294 ia
823 3235 1023 3319 Geogrnpbie
1038 3234 1078 3299 T.
1099 3253 1129 3298 ι.
1142 3254 1175 3318 p.
1187 3245 1258 3311 utss
1275 3228 1328 3312 sqq.

302 3348 336 3398 et
352 3335 513 3419 vulgatam
532 3333 705 3396 lectionem
720 3347 829 3397 contra
849 3337 925 3399 alioe
939 3349 1059 3399 tuetur.
1101 3333 1228 3418 Nempe
1245 3331 1328 3400 Meta.

302 3437 422 3518 inquit,
449 3435 502 3496 hie
520 3454 588 3498 orae
606 3435 660 3499 suo
676 3447 822 3523 tempore
839 3451 929 3500 notre
945 3436 1109 3508 describit,
1135 3449 1169 3501 et
1188 3433 1329 3516 intelligit

302 3537 356 3598 hic
376 3555 464 3598 oram
486 3539 575 3622 regni
598 3536 631 3600 h.
648 3537 739 3601 Adel.
791 3540 853 3602 Sed
870 3537 1054 3621 nescioquo
1075 3541 1160 3611 iure,
1187 3557 1256 3601 earn
1269 3553 1329 3596 mr·

301 3639 459 3701 rationem
475 3638 631 3709 Eudoxo,
656 3640 743 3701 unde
766 3641 851 3703 Mela
875 3638 1032 3711 sumserit.
1057 3640 1188 3714 tribuit,
1209 3652 1242 3703 et
1261 3637 1328 3698 bino

301 3739 439 3802 Eudoxo
463 3757 584 3802 erroree
610 3738 764 3805 obtrudit.
814 3739 885 3826 lpie
909 3739 1045 3833 ἐσπὲρου
1070 3737 1164 3832 κέρας
1187 3735 1328 3806 vertiti·

298 3861 392 3904 coma
414 3839 459 3902 du
484 3839 585 3905 Mitti.

373 4039 605 4125 montibus)
640 4045 826 4108 SiePlinitn
842 4065 869 4108 c.
884 4045 907 4110 1.
927 4046 960 4109 in
977 4064 1032 4110 ora
1046 4045 1233 4131 Aethiopiae
1245 4051 1325 4108 notet

298 4145 472 4210 continuet
493 4159 639 4219 montet,
665 4146 720 4230 qui
734 4147 919 4212 ardentibur
932 4149 1049 4215 iimilet
1063 4149 1210 4215 rubeant.
1248 4146 1324 4212 Coo·
