2696 4896
288 395 348 468 ¹9⁸
555 383 714 446 Nom
754 382 1060 442 excommun
1311 387 1316 398 ·

291 558 444 626 enascitur
460 555 622 650 adquisito
630 557 732 650 fides,
754 560 804 620 uti
818 561 901 642 apud
918 559 1063 622 Frontiu.
1081 573 1112 628 a.
1128 565 1159 636 5,
1175 572 1237 635 30.
1272 559 1321 622 Sic

217 687 220 694 ¹
292 652 458 752 adfectare
474 651 566 752 spem
582 662 692 733 Liviae
710 673 768 738 28.
786 673 841 738 18,
860 680 914 724 ιο.
940 661 1039 724 ovid.
1052 660 1182 722 Metam.
1196 671 1228 737 5.
1242 673 1321 738 377.

294 776 327 828 et
342 764 461 824 similia.
488 779 689 825 thcttvcxtt.
730 761 856 844 Nempe
870 762 903 823 in
918 763 1068 832 historiis,
1094 781 1169 843 quae
1183 765 1325 842 privatus

294 865 398 928 adhuc
420 863 603 945 publicavit.
655 865 775 926 Earum
791 865 886 926 fidem
907 864 984 925 dicit
1000 883 1088 924 nunc
1103 863 1141 923 ab
1159 882 1200 926 eo
1218 862 1323 944 proba·

294 979 366 1028 tum
387 965 425 1024 iri
446 964 547 1036 bello,
579 966 675 1046 idque
698 979 735 1026 ut
754 966 921 1046 aliquando
940 967 1007 1027 fieri
1025 963 1139 1045 posset,
1163 985 1242 1026 eum
1265 984 1324 1024 am·

296 1064 385 1128 biill‘e
401 1078 432 1126 et
447 1065 675 1136 deuderavtffe,
702 1068 786 1148 quod
804 1066 847 1128 eli
863 1069 896 1127 in
912 1085 992 1128 voce
1008 1057 1211 1154 adfectavit.
1235 1077 1324 1146 prout

297 1169 333 1229 in
354 1167 468 1228 talibus
493 1166 658 1248 proposuit
686 1168 747 1230 hoc
770 1180 894 1238 amant,
926 1189 1006 1248 quae
1035 1167 1247 1228 vehementer
1266 1167 1325 1226 ani-

298 1287 388 1332 mum
406 1282 536 1352 urgent,
563 1269 650 1329 unde
673 1269 832 1332 luvenalis
850 1285 881 1339 2,
905 1271 983 1332 106.
1002 1259 1142 1358 spolium
1166 1260 1325 1356 adfectare

301 1369 425 1432 Palati.
466 1371 509 1430 Et
525 1382 607 1431 certe
625 1369 798 1431 Claudium
821 1373 855 1430 in
877 1370 939 1433 hoc
961 1369 1016 1430 libi
1039 1370 1251 1431 vehementer
1269 1369 1326 1451 pla·

302 1469 413 1540 cuissc,
452 1483 536 1552 patet
559 1491 597 1530 ex
621 1471 780 1542 iactantia,
812 1490 874 1552 quc
897 1473 998 1534 utitur
1021 1471 1054 1531 in
1079 1471 1183 1532 tabula
1206 1471 1324 1554 Lugdu·

303 1572 409 1637 nenstt
436 1593 474 1632 ne
493 1572 588 1632 nimio
606 1563 789 1663 insolentior
806 1572 962 1634 videncet
982 1564 1165 1663 prrocscoiffe
1187 1573 1325 1634 iactatio·

305 1694 373 1734 nem
395 1673 512 1752 gloriae
531 1671 651 1752 prolati
671 1674 793 1753 imperii
812 1673 896 1736 nstra
913 1672 1083 1736 Oceanum.
1116 1692 1184 1737 tac.
1203 1690 1325 1734 cuono·

294 1771 381 1836 'vrve
396 1774 471 1836 MS.
492 1788 524 1839 c.
577 1773 720 1856 Optavit,
748 1788 783 1836 ut
805 1776 888 1837 bello
911 1774 1009 1856 pollet
1032 1775 1203 1844 declarare.
1229 1791 1328 1836 veram

307 1873 366 1936 else
385 1874 469 1936 suam
487 1874 665 1962 historiam,
692 1890 725 1938 et
741 1877 808 1945 illa.
836 1895 913 1957 quac
932 1879 970 1938 de
987 1877 1150 1937 Britannia
1167 1874 1325 1956 scripserat.

306 1995 332 2038 r.
359 1994 552 2039 cnouovrve
575 1978 652 2041 MS.
675 1998 705 2040 ι.
768 1978 902 2040 Historia
927 1981 995 2040 eiua
1027 1993 1327 2039 commemoratura

307 2079 461 2141 Suetonio
484 2095 549 2158 cap.
571 2095 626 2138 or.
643 2091 675 2140 et
689 2087 749 2158 4²·
784 2081 900 2142 Seneca
922 2081 962 2142 de
977 2093 1081 2140 morta
1097 2079 1224 2140 Claudii
1246 2099 1274 2160 p.
1289 2095 1326 2140 m.

309 2179 393 2260 363.
416 2190 448 2242 et
464 2177 585 2242 devita
603 2177 654 2243 sua
671 2193 743 2243 octo
758 2181 926 2244 volumina
940 2193 1029 2245 notat
1041 2183 1216 2244 suetonius
1235 2199 1261 2241 c.
1277 2191 1326 2260 41.

386 2379 667 2464 triumpho)
723 2385 854 2446 Factum
880 2403 906 2446 a.
931 2405 963 2446 u.
989 2399 1073 2464 797.
1109 2383 1187 2446 Chr.
1215 2380 1258 2443 N.
1277 2386 1325 2456 44.

313 2483 453 2545 maximo
479 2483 644 2563 adparatu,
671 2487 745 2548 teste
767 2489 920 2548 Suetonio
942 2506 1008 2568 cap.
1036 2501 1089 2560 17.
1128 2482 1178 2546 Cs.
1205 2495 1237 2543 et
1256 2482 1326 2542 I'lin.

316 2597 373 2662 53.
394 2585 448 2646 16.
468 2583 489 2648 s.
509 2597 541 2662 5.
568 2585 673 2650 Aures.
689 2587 722 2648 in
738 2589 813 2670 epit.
832 2598 866 2672 4.
883 2603 915 2661 7.
961 2589 998 2649 ln
1021 2587 1127 2646 numia
1151 2585 1250 2672 igitur
1270 2601 1328 2662 qna·

314 2686 420 2769 drigae
442 2687 647 2768 triumphales
668 2690 828 2770 adparent.
871 2689 941 2750 Vid.
957 2686 1076 2750 Rasche
1094 2688 1126 2746 in
1151 2687 1229 2745 Lex.
1252 2701 1327 2744 num.

316 2787 358 2849 T.
380 2807 408 2849 1.
424 2786 460 2850 P.
476 2803 509 2850 a.
524 2807 555 2868 p.
568 2801 650 2866 583.
674 2789 800 2874 Eckhol
814 2791 846 2850 in
864 2791 1005 2851 doctrina
1020 2807 1109 2849 num.
1124 2788 1207 2849 lta.
1225 2786 1289 2846 Vol.
1301 2783 1326 2843 6.

313 2909 347 2970 p.
366 2899 436 2966 240
456 2887 496 2970 sq.
535 2889 702 2971 Descripsrt
716 2909 753 2952 ex
773 2890 951 2952 auctoriltua
967 2890 1099 2950 Modica
1117 2887 1156 2948 tle
1171 2883 1329 2966 triumphit

315 3001 588 3067 veterum1‚r5.
631 2991 756 3054 Numoa
782 2993 876 3053 etiam
909 2989 1073 3072 proposuit
1105 2987 1280 3050 Cambden.
1302 2984 1329 3042 in

314 3091 477 3156 Britannia
499 3112 530 3172 p.
550 3106 608 3176 39.
646 3092 841 3154 Accesserant
857 3093 926 3151 ludi
946 3090 1161 3172 triumphales.
1182 3089 1266 3172 (Dio
1281 3085 1328 3152 oo.

318 3195 397 3271 25.)
437 3194 588 3254 Victoriae
609 3195 738 3255 nuntios
758 3191 955 3274 praemiserat
971 3193 1126 3276 Magnum
1143 3203 1175 3251 et
1189 3189 1328 3254 silanum,

317 3311 462 3380 generos.
496 3296 561 3356 Dio
579 3296 636 3367 60.
654 3311 713 3360 at.
729 3310 808 3356 extr.
829 3307 862 3357 et
878 3313 970 3356 exeo
985 3295 1118 3356 Zonaraa
1137 3311 1192 3362 tr,
1211 3307 1245 3369 9.

389 3494 713 3577 declaraturus)
762 3496 878 3567 Recte,
913 3495 1107 3556 srTacltum
1140 3495 1174 3554 in
1202 3486 1328 3574 Agricola

318 3615 384 3679 cap.
407 3611 460 3672 13.
488 3597 596 3660 audiat
619 3598 755 3659 delusio
771 3596 918 3660 Caesare:
942 3593 1044 3688 potest
1062 3592 1163 3654 uideri
1184 3588 1295 3686 ostendi
1315 3604 1327 3641 ο

316 3696 465 3789 posteris,
492 3717 554 3758 nort
577 3691 754 3788 tradidiffi.
807 3699 845 3760 sn
863 3698 939 3759 edit.
963 3697 1067 3774 1696.
1096 3715 1156 3776 qua
1175 3693 1247 3754 usuc
1266 3688 1327 3753 sum·

319 3802 370 3860 vit
394 3799 505 3861 doctua
527 3800 612 3859 hunc
632 3801 738 3862 locum
759 3798 797 3859 fic
812 3799 1035 3881 explicaveratt
1062 3798 1117 3878 qni
1133 3795 1216 3856 bello
1231 3789 1326 3864 effecit,

319 3919 362 3962 ne
376 3903 444 3980 quic
465 3902 498 3960 in
514 3901 671 3982 passerum
686 3901 726 3964 cle
741 3901 902 3962 Britannia
920 3913 953 3961 et
968 3898 1061 3960 rebus
1076 3896 1137 3958 suia
1153 3896 1186 3957 in
1203 3887 1327 3974 eogeiiit

320 3999 499 4078 dubitaret,
528 4001 622 4084 idque
651 4001 824 4084 triumpho.
850 4001 1034 4071 declaravit;
1071 4015 1154 4081 quaa
1185 4015 1223 4068 ex
1248 3981 1328 4056 Voffii

319 4113 396 4168 nota
413 4103 563 4166 videntur
579 4101 637 4170 else
653 4093 803 4191 repetita.
830 4102 883 4168 vel
899 4114 1053 4185 excerpta.
