2746 4894
310 429 376 504 rt·
583 417 750 482 nom
781 410 1092 478 uracartcaa

318 600 487 682 utrimque
518 596 648 682 liuguae
681 609 826 658 auetorea
854 595 897 658 de
927 594 992 659 hoc
1025 592 1144 658 srutice
1174 576 1344 678 ioqunntur.

318 705 425 766 Locua
443 701 478 760 in
493 699 575 759 hanc
598 717 666 760 rem
686 693 828 760 clall'rcua
844 697 888 760 ell
903 698 986 780 apud
1001 699 1085 760 Plin.
1110 713 1166 768 ra,
1184 705 1242 775 49.
1259 695 1278 760 s.
1300 717 1310 759 ι
1317 716 1345 777 9.

320 801 373 869 Cs.
390 803 487 865 etiam
502 797 741 882 Theophrastus
761 801 796 860 iu
817 798 887 861 bill.
911 800 1042 882 plantat.
1066 815 1123 868 ι9.
1147 809 1202 878 alp.
1230 811 1346 880 atquae

322 906 364 968 de
391 907 542 966 ciummo
571 903 773 983 disputantur
797 899 837 960 ad
863 900 1067 962 Herodotum
1092 916 1127 982 3,
1160 917 1237 964 ιιι.
1268 915 1298 960 et
1318 903 1346 960 iu

322 1006 435 1090 primic
449 1024 467 1066 a
482 1003 613 1064 barthio
626 1003 665 1063 ad
681 1004 775 1066 Statii
791 1001 897 1064 Theb.
909 1004 944 1075 6,
957 1003 1017 1066 61.
1043 1002 1195 1064 Salmafio
1210 1001 1247 1061 ad
1261 1001 1346 1062 Solia.

327 1121 386 1188 50.
403 1105 425 1168 s.
444 1119 503 1184 33.
519 1125 552 1186 p.
569 1123 614 1166 ιιι.
632 1116 704 1184 983
722 1102 764 1187 sq.
785 1115 818 1166 et
840 1099 952 1186 passim
977 1102 1069 1172 alibi,
1105 1116 1139 1167 et
1156 1101 1346 1165 Beckmanuo

325 1210 366 1272 ad
380 1208 581 1292 Antigonum
598 1225 665 1288 cap.
681 1214 743 1287 49.
766 1206 824 1287 qui
843 1205 996 1268 omnibu
1010 1206 1184 1290 diligenter
1198 1204 1347 1284 exploratu

323 1309 480 1374 existimat
510 1306 620 1368 callam
646 1319 680 1369 et
704 1309 946 1370 cinnamomum
972 1324 1120 1369 veterum
1148 1304 1210 1368 elle
1240 1302 1345 1386 prorlut

325 1412 462 1475 eandem
485 1425 571 1479 nm,
598 1427 702 1491 neque
724 1408 853 1472 differre
871 1429 890 1470 a
910 1407 1046 1479 canella,
1071 1427 1172 1490 quam
1192 1407 1285 1467 hodie
1302 1421 1348 1466 vo

326 1531 446 1575 amus.
496 1509 559 1572 Ubi
582 1508 758 1572 nasceretur
778 1513 875 1580 olim,
908 1511 996 1591 quod
1019 1511 1167 1572 adfirmat
1183 1507 1347 1570 Herodotut

327 1634 355 1678 c.
377 1615 398 1676 l.
426 1611 483 1694 ipsi
506 1612 708 1696 ignorabant.
741 1627 772 1674 et
794 1611 923 1674 sellucaa
942 1613 1011 1674 eiua
1028 1611 1067 1672 ab
1084 1611 1200 1674 avibur
1216 1609 1251 1671 ad
1271 1608 1348 1668 nidot

328 1711 554 1777 construendos
569 1710 684 1774 adferri
702 1713 867 1786 iactabant,
891 1733 969 1795 quaa
988 1733 1062 1776 aveo
1081 1717 1292 1775 cinnamomos
1306 1707 1347 1768 vel

328 1815 566 1894 cinnomolegus
579 1827 697 1875 vocant
717 1829 871 1876 auctores.
906 1814 958 1878 Cs.
974 1817 1014 1877 de
1030 1818 1068 1878 iis
1084 1814 1280 1876 Beckmann.
1293 1829 1316 1868 c.
1328 1809 1345 1870 l.

326 1917 367 1980 sn
388 1915 557 1998 Aethiopia
575 1935 674 1999 prope
695 1917 906 2001 Troglodytae
922 1916 1004 1978 nasci
1022 1931 1054 1978 et
1076 1920 1155 1978 inde
1172 1915 1232 1974 alio
1248 1908 1345 1972 devehi

328 2017 435 2081 scribit
458 2015 545 2083 Ptin.
568 2033 622 2087 aa,
646 2027 705 2095 49.
727 2016 749 2080 [.
776 2035 832 2096 ι9.
874 2019 1067 2081 Sabaeorum
1098 2017 1263 2103 regionem
1293 2010 1345 2071 elut

328 2119 464 2182 feracem
488 2117 563 2179 facit
582 2117 696 2180 Strabo
718 2119 771 2181 16.
794 2138 863 2202 pag.
885 2131 969 2196 535.
988 2118 1008 2182 s.
1025 2131 1110 2198 773.
1161 2119 1206 2180 Et
1223 2114 1259 2176 iic
1273 2125 1345 2174 antea

329 2220 488 2284 Herodot.
507 2231 539 2300 3,
563 2235 646 2296 107.
668 2222 703 2282 iu
720 2219 833 2282 Arabia
848 2218 932 2282 nasci
955 2220 1070 2285 scribit.

405 2387 542 2470 turis)
580 2387 636 2451 Gr.
650 2386 822 2478 θυμίαμα,
846 2383 1039 2464 λιβανωτός.
1076 2389 1168 2450 Idem
1187 2403 1260 2448 vero
1275 2382 1344 2443 adiit·

329 2504 421 2554 mant
445 2490 585 2570 plurimi.
638 2490 831 2575 conligendi
856 2491 991 2552 modum
1017 2490 1157 2553 admistio
1180 2486 1284 2549 sabulis
1305 2483 1343 2540 de

332 2591 438 2653 scribit
452 2590 610 2652 Herodot.
629 2605 662 2672 3.
682 2609 763 2666 107.
785 2607 819 2654 et
833 2590 957 2655 Plinius
972 2594 1109 2654 maxime
1130 2607 1186 2661 ι9.
1202 2602 1257 2668 30.
1273 2582 1343 2659 stit·

332 2693 419 2755 Hinc
443 2682 581 2780 tunfera
606 2691 692 2754 Sabo
708 2693 792 2758 Ptin.
810 2713 837 2757 c.
853 2693 874 2755 1.
912 2693 997 2756 Hinc
1012 2693 1107 2756 etiam
1125 2695 1158 2752 in
1179 2688 1279 2752 numia
1293 2681 1344 2763 qui·

332 2792 466 2855 buadam
490 2792 567 2854 turis
588 2814 694 2856 ramua
717 2793 920 2879 conspicitur.
972 2795 1043 2857 Vid.
1066 2794 1198 2856 l‘atinua
1218 2791 1251 2850 iu
1272 2801 1342 2846 uum.

334 2895 451 2976 lmper.
462 2893 502 2955 li.
519 2913 552 2975 p.
565 2909 647 2974 175.
662 2910 695 2958 et
709 2898 844 2959 omnino
862 2894 981 2958 llasche
994 2897 1027 2956 iu
1043 2895 1162 2957 Lexico
1177 2910 1265 2956 num.
1278 2887 1312 2948 T.
1322 2903 1342 2944 ι.

332 2994 372 3060 Ρ.
393 3013 424 3059 ι.
438 3015 470 3078 p.
486 3014 551 3060 ιοι
557 3015 592 3079 9.
628 2999 679 3060 De
694 3014 765 3060 ture
779 2998 879 3060 multa
891 2995 1018 3061 Salmas.
1033 2997 1070 3059 ad
1083 2997 1185 3060 Solia.
1197 3006 1252 3072 35.
1267 2987 1286 3052 s·
1299 2983 1340 3066 ὅθ·

330 3117 365 3182 p.
381 3117 425 3159 m.
445 3109 530 3178 355.
551 3111 585 3160 et
604 3099 690 3162 alibi.
836 3093 840 3102 ’

408 3265 604 3349 odorum)
652 3271 702 3330 lle
722 3268 829 3332 herbia
845 3267 1028 3339 odoriferis.
1055 3265 1255 3331 aromatibua.
1285 3251 1341 3318 Vid-

332 3387 411 3448 quae
427 3369 510 3430 dicta
526 3367 597 3430 sunt
613 3371 651 3432 ad
672 3391 699 3441 ι,
721 3392 773 3440 ιι.
790 3373 836 3432 in.
869 3371 911 3432 lis
926 3371 1061 3438 maxime
1076 3369 1222 3430 inclaruit
1233 3359 1342 3426 Sabaeo·

332 3487 407 3530 tum
427 3471 526 3554 regio.
568 3471 642 3534 Vid.
656 3471 742 3536 Plin.
766 3471 797 3545 6,
822 3487 879 3548 32.
903 3471 924 3534 s.
942 3481 1001 3546 98.
1027 3469 1140 3533 Strabo
1158 3471 1213 3533 16.
1230 3487 1259 3550 p·
1274 3465 1339 3537 535·

333 3567 355 3633 s.
372 3581 457 3646 778.
484 3570 731 3655 Agatharchides
747 3573 786 3634 de
802 3573 898 3635 rubro
914 3575 991 3634 mari
1004 3593 1036 3654 p.
1046 3573 1094 3635 96
1104 3569 1165 3654 sqq.
1182 3561 1275 3632 Huds.
1292 3555 1339 3619 iffi·

332 3671 467 3734 Addunt
483 3687 592 3734 autem
610 3672 819 3756 superioribus
836 3687 979 3737 auctoreo
1001 3673 1181 3750 myrrham,
1206 3667 1338 3730 ladanum.

332 3771 442 3835 castam
465 3773 603 3855 aliaque.
635 3775 809 3876 dequibus
831 3776 920 3857 plura
942 3789 1083 3837 auctores
1103 3771 1337 3836 commemorans

331 3876 469 3936 maxime
484 3874 609 3939 Plinius
623 3875 678 3939 lib.
701 3891 756 3940 ι9.
793 3875 844 3941 cf.
860 3878 955 3939 etiam
973 3877 1107 3939 Diodor.
1126 3891 1160 3948 9,
1175 3883 1222 3953 48
1238 3867 1291 3950 sqq·

410 4039 591 4127 Sabaei)
642 4046 698 4110 Gr.
718 4043 883 4123 Σαβαῖοι,
910 4047 952 4108 ita
970 4045 1047 4107 dicti
1067 4041 1105 4105 ab
1124 4040 1217 4114 urbe,
1240 4033 1285 4098 vel
1301 4043 1334 4090 rt·

328 4141 442 4229 gioria,
470 4147 656 4229 quadraria
681 4147 842 4212 scribitur:
883 4137 1013 4231 Σαβαὶ,
1041 4145 1238 4232 (stephano
1252 4137 1280 4202 h·
1294 4127 1335 4208 h)
