2748 4888
21 145 23 190 l

21 347 23 392 l

21 411 23 448 l

21 405 22 408 ‘
138 437 343 494 narona.
372 435 476 492 naa.
518 437 629 494 ωτι.
671 433 778 494 oto.
820 433 899 506 §.n
992 451 1034 516 9⁸

53 607 230 700 oaiicitfilva
246 606 357 699 Hefia.
394 607 444 674 Cl.
461 610 582 692 Spenar
596 597 669 698 pag.
687 621 745 688 88.
771 610 828 672 ubi
848 609 937 671 fimat
956 609 1038 674 aliot

54 717 141 782 rrlttat.
165 714 216 794 qni
237 713 366 796 longior
386 703 607 775 removerunt.
661 712 728 796 lpse
745 713 889 774 extendit
907 713 946 772 atl
965 711 1038 774 Mo-

51 813 222 880 atirrienlem
246 827 376 876 terrant.
432 814 576 875 Fuerunt
608 815 704 875 etiam
732 815 873 876 minores
900 815 1037 896 aliquae,

47 937 173 999 quaecum
201 913 414 996 loperioribue
442 913 604 976 recensent
624 915 756 979 clover.
782 917 816 976 in
838 916 946 978 Germ.
972 927 1037 976 aot.

46 1031 124 1092 nit.
137 1037 203 1099 pag.
223 1031 296 1090 702
313 1015 374 1099 qu.
395 1033 424 1078 et
448 1017 579 1098 Spener.
602 1038 634 1100 p.
652 1029 698 1094 sso
717 1015 779 1100 qu.
797 1037 824 1080 c.
841 1017 863 1079 l.
915 1015 1041 1080 Omne·

44 1117 123 1201 ptffim
135 1121 169 1180 ati
186 1119 381 1197 Hercyniam
401 1122 582 1180 retulerunt
596 1133 732 1183 veteres.

97 1319 246 1402 nonen)
296 1320 424 1403 Nempe
449 1321 630 1382 distinctum
663 1320 703 1381 ab
730 1319 906 1400 Hercynia,
938 1319 1042 1402 qoalie
1141 1323 1153 1344 ⁸

44 1424 147 1482 occurrit
160 1425 239 1506 apud
259 1425 364 1484 Tacit.
382 1425 464 1485 Arm.
486 1443 514 1492 t.
530 1435 590 1498 50.
602 1416 693 1513 filtra
712 1419 836 1511 Coefia.
866 1443 889 1482 t.
908 1439 1043 1484 ottono-

43 1543 99 1584 nre
111 1524 175 1584 MS.
211 1525 273 1586 Sed
292 1545 363 1586 cum
380 1529 443 1584 iarn
464 1537 538 1584 ante
555 1523 674 1585 Melam
691 1543 801 1585 earum
826 1523 969 1586 distincta
983 1542 1044 1584 no·
1084 1521 1087 1528 “

43 1626 107 1683 mina
123 1623 273 1694 letantur.
306 1638 489 1708 comparate
512 1625 638 1685 vitietur
652 1627 690 1686 ad
708 1625 900 1704 Hercyniam
924 1623 1043 1696 dimise,

44 1727 109 1784 raiae
128 1729 223 1786 maior
247 1724 308 1787 luit
330 1725 414 1787 lama
437 1741 469 1787 et
489 1726 673 1798 celebritas,
707 1727 767 1788 niti
788 1727 907 1798 mavis.
932 1744 1045 1788 earum

44 1827 145 1887 aomina
160 1828 261 1890 lllclae
278 1848 345 1891 non
362 1827 544 1891 innotuiffe.

101 2027 182 2090 Tan
196 2053 216 2090 n
232 2053 251 2091 a
265 2029 308 2112 s)
352 2029 636 2093 Commemoratur
658 2031 758 2093 etiam
780 2050 799 2092 a
821 2029 937 2092 Tacito
961 2027 1046 2093 Ano.

49 2131 127 2205 nro.
159 2148 209 2201 12.
235 2147 295 2208 ort.
328 2135 413 2193 ande
438 2133 510 2193 litae
531 2132 636 2214 aliquo
657 2134 756 2194 modo
775 2130 986 2214 cognoscitur,
1012 2131 1048 2193 in

48 2229 124 2292 Cattis
145 2253 240 2314 prope
268 2233 388 2294 flumen
414 2232 577 2295 Adranam
605 2233 639 2296 h.
661 2233 764 2304 Eder.
803 2235 953 2316 quamvie
979 2253 1048 2296 non

47 2331 114 2410 plane
133 2335 256 2396 constat.
311 2333 440 2396 Clnvor.
464 2337 497 2394 in
519 2335 627 2398 Germ.
652 2350 717 2396 ant.
735 2347 766 2413 3.
783 2344 841 2414 48.
860 2357 893 2417 p.
910 2351 994 2410 7¹¹·
1015 2345 1049 2396 et

49 2445 71 2508 5.
86 2448 112 2505 7.
124 2455 153 2514 p.
171 2448 254 2514 533.
278 2455 316 2496 ex
335 2434 466 2496 arltetlo
482 2436 679 2520 Mogontiaci
697 2449 789 2518 putat
812 2435 916 2505 inille.
944 2437 974 2499 h.
992 2437 1049 2496 cler

48 2531 156 2613 lleyriclr
177 2549 208 2597 et
231 2539 284 2598 rlie
307 2537 418 2605 Hibe,
458 2537 490 2597 in
516 2557 579 2618 quo
605 2537 807 2599 consentiunt
833 2537 989 2600 Collatino
1015 2537 1049 2598 in

50 2632 137 2720 lirogr.
151 2653 214 2700 ant.
231 2655 265 2707 o.
285 2651 317 2714 5.
338 2639 394 2699 26.
427 2637 578 2699 lllannert
599 2659 630 2720 p.
647 2651 731 2716 518.
763 2639 919 2700 Antonin
936 2635 1048 2700 Gelclt.

50 2733 268 2802 detTetttlchen
286 2738 410 2799 Nazion
427 2739 468 2802 T.
488 2759 517 2802 ι.
541 2759 573 2822 p.
591 2753 673 2812 271.
697 2741 770 2820 qnia
791 2740 858 2799 Tan
875 2741 1050 2820 antiquitus

51 2833 171 2917 ignilicet
194 2841 312 2909 altum.
347 2837 429 2902 forte
461 2841 538 2900 olim
568 2837 742 2922 Tonnberg.
794 2839 844 2903 Cf.
873 2841 913 2902 tle
939 2853 1051 2900 monte

51 2935 160 3018 Heyriclr
174 2955 241 3003 acta
260 2943 347 3002 acad.
363 2942 527 3003 Palatinae
544 2944 584 3002 T.
603 2955 635 3021 3.
657 2961 690 3023 p.
709 2951 789 3016 178.
842 2941 921 3004 Aliie
941 2953 1052 3002 tamen

51 3033 154 3101 ridetur
171 3043 231 3104 elle
246 3040 413 3124 Duysberg
430 3061 529 3124 propo
547 3042 672 3103 Gielam
693 3045 725 3103 in
745 3037 868 3109 llaffia.
902 3055 939 3102 ut
959 3061 1053 3122 pecu·

49 3134 151 3204 liaribae
178 3144 293 3206 libellie
324 3145 524 3206 contendunt
557 3147 758 3222 Ayrmanntte
792 3157 825 3204 et
859 3143 990 3227 lllogen.
1018 3143 1054 3202 in

51 3235 156 3303 Martini
173 3243 316 3308 thesauro
331 3243 491 3307 dissertatt.
508 3245 544 3306 P.
556 3261 588 3308 2.
606 3246 647 3308 T.
662 3266 690 3308 1.
707 3267 739 3308 n.
757 3259 790 3306 Ω.
805 3259 839 3306 et
855 3259 887 3318 7.
916 3240 1054 3306 luncker

51 3338 281 3429 ioGeographie
307 3347 463 3408 mittlerer
487 3347 596 3407 Zeiten
618 3346 654 3410 Ρ.
675 3361 707 3409 a.
730 3365 798 3427 cap.
818 3361 850 3406 n.
877 3364 948 3428 pag.
972 3355 1054 3420 150.

51 3458 154 3524 propter
173 3450 261 3510 rocio
283 3449 412 3529 quidem
429 3441 686 3517 similitudinem.
714 3449 766 3508 coi
783 3463 891 3508 tamen
907 3443 1055 3527 opinioni

52 3538 76 3600 id
93 3546 199 3610 obllare
221 3550 341 3610 iudicat
362 3551 483 3630 Spener
498 3549 531 3609 in
551 3562 620 3611 not.
637 3547 745 3610 Germ.
762 3563 828 3610 ant.
847 3562 880 3616 2.
899 3565 930 3630 3.
946 3565 978 3628 p.
994 3557 1054 3623 87.

53 3647 120 3722 quod
142 3667 178 3710 er
205 3646 313 3711 Taciti
341 3648 550 3732 descriptione
573 3651 785 3732 expeditionis
813 3647 996 3709 Germanici
1020 3647 1056 3708 in

54 3742 273 3812 catinorum
295 3751 403 3833 potine
424 3753 571 3814 videatur
587 3751 718 3833 propina
741 3751 779 3811 ad
797 3749 952 3812 lihennm
969 3767 1057 3831 prae·

56 3842 144 3910 ilium
159 3853 348 3922 conlocalle.
375 3866 411 3913 ot
430 3855 582 3915 tutiorem
603 3851 750 3913 redderet
772 3847 935 3912 recellnm.
987 3847 1057 3911 Nec

55 3945 84 4008 iit
101 3951 252 4034 adquievit
275 3954 505 4038 Glauburgitte‚
539 3952 589 4014 led
618 3951 766 4034 Feldberg
793 3949 852 4013 elie
877 3951 1004 4033 putavit
1023 3952 1058 4011 in

57 4047 235 4117 Wetteravia.
273 4057 346 4117 vid.
373 4056 566 4120 Schelhome
591 4051 882 4138 Ergiitzlichkeiten
915 4071 971 4114 aue
1002 4051 1058 4113 der

57 4148 335 4223 kirchen-Historia
359 4189 408 4210 -·
433 4157 474 4222 T.
499 4175 529 4222 t.
554 4155 592 4220 Ρ.
611 4167 645 4238 5.
669 4177 704 4220 o.
720 4161 782 4236 45·
807 4173 882 4243 1³³8·
900 4162 974 4236 459
992 4149 1056 4236 qu.
