2696 4896
312 437 372 500 25⁰
578 421 736 482 notra
777 423 1079 480 axcccrrctu

315 597 409 660 seben
426 592 637 658 Reisebesolrr.
656 597 696 657 Τ.
710 605 745 672 4.
762 615 827 678 cap.
846 596 900 660 16.
919 616 950 677 p.
964 606 1011 675 4ο
1018 609 1037 672 5
1056 593 1100 677 sq.
1128 595 1182 676 qui
1198 593 1339 666 adfirmat,

315 698 554 782 longitudinem
587 715 604 756 a
640 695 863 780 septemtrione
886 694 1086 785 (Afiralrnn)
1120 697 1162 756 ad
1189 697 1340 756 meridiem

315 794 516 884 (ferebam)
542 796 601 858 esso
628 793 668 874 8Ο
695 796 715 859 s.
748 814 814 862 120
848 794 1040 868 miliarium.
1081 797 1281 858 latitudinem
1305 795 1338 856 ab

258 941 263 954 ·
316 903 440 962 oriente
467 898 505 958 ad
532 895 677 960 occasum
704 896 725 962 s.
753 921 769 960 a
801 891 950 989 Clruresm
973 899 1010 958 ad
1035 895 1163 959 rnoutes
1189 891 1339 986 Circaffios

317 997 358 1066 6⁰
381 1001 401 1062 s.
418 1019 465 1079 90
481 999 668 1062 miliarium.
706 1001 832 1061 Veteres
853 1001 954 1062 aliter.
990 1017 1201 1061 'rzacatvcrtm
1253 997 1336 1080 Quod

317 1101 465 1166 Oleariur
480 1101 542 1170 ait,
567 1118 653 1161 marc
669 1100 730 1160 hoc
744 1101 889 1171 extendi,
914 1119 979 1162 non
996 1101 1035 1160 ab
1052 1115 1128 1164 ortu
1145 1101 1179 1160 in
1198 1097 1336 1167 occasuro.

317 1202 369 1264 sed
395 1223 411 1262 a
436 1203 569 1263 meridie
601 1181 727 1262 boream
762 1201 885 1272 versun.
922 1203 956 1262 in
982 1221 1021 1264 eo
1053 1202 1194 1263 omnino
1224 1197 1335 1260 fallitur.

317 1303 493 1366 Occiduam
509 1315 633 1362 tantum
651 1303 746 1364 marie
762 1301 867 1384 Caspii
885 1315 1003 1383 partem
1022 1301 1215 1383 exploravit,
1238 1317 1336 1379 nempe

316 1403 414 1473 litut,
448 1403 532 1484 quod
548 1403 587 1463 ab
607 1403 691 1464 osliis
707 1403 824 1488 volgae
846 1424 942 1484 usque
962 1405 1001 1463 ari
1019 1403 1178 1464 Ferabatb
1196 1399 1335 1483 oppidum

317 1505 481 1588 dirigitur.
514 1523 551 1564 ac
573 1501 731 1564 summam
752 1507 846 1566 marie
869 1505 1071 1566 latitudinem
1091 1503 1200 1566 essrcit.
1253 1505 1335 1561 luter·

318 1603 441 1666 vallum
459 1606 522 1666 hoc
538 1608 703 1686 componit
720 1625 792 1666 cum
817 1621 882 1668 120
901 1607 998 1668 leucia
1016 1605 1228 1666 Germanicis.
1263 1602 1334 1661 Haec

318 1704 463 1768 mensura
478 1709 631 1768 convenit
647 1703 717 1767 satie
733 1708 814 1768 bene
833 1726 906 1766 cum
929 1707 982 1767 illa
1002 1708 1173 1766 Herodoti.
1214 1703 1335 1782 Naviga-

317 1808 442 1868 tionem
460 1825 597 1887 namque
614 1807 708 1869 unior
729 1809 793 1870 diei
812 1807 924 1869 Graeci
948 1806 1244 1880 includuntlladiir
1260 1804 1334 1884 quin

317 1912 433 1994 geratis.
493 1907 622 1968 Octirlui
652 1909 755 1988 iraque
781 1909 946 1992 navigatio
979 1907 1077 1970 elficit
1110 1907 1207 1970 sladia
1241 1917 1335 1984 quater

317 2010 410 2077 mile,
437 2027 515 2088 quae
531 2009 702 2068 conficiunt
722 2011 826 2070 leucae
844 2009 1047 2071 Germanicae
1072 2023 1153 2086 125.
1189 2003 1333 2070 Convenit

317 2127 444 2188 quoque
462 2109 669 2190 Geographue
688 2109 872 2180 Nubieulie‚
900 2114 952 2192 qui
976 2109 1093 2192 septem
1111 2113 1236 2171 dierum
1258 2103 1332 2166 navi·

317 2211 449 2292 gatione
471 2209 672 2268 latitudinem
692 2211 786 2272 huius
803 2215 897 2272 marie
918 2217 1042 2273 eruetiri
1065 2210 1182 2273 scribit.
1225 2207 1331 2285 Nempt

318 2294 469 2390 sparsum,
500 2310 583 2390 quod
602 2309 644 2370 ull
665 2329 682 2369 a
707 2316 927 2393 promuntorio
949 2311 1142 2404 Tabrrfinu,
1174 2315 1208 2373 in
1231 2308 1331 2369 exstan-

318 2405 470 2470 tilstmum
491 2412 641 2498 Nagajae
666 2416 942 2492 promuntorium,
974 2415 1110 2494 ideoque
1138 2432 1237 2476 turum
1260 2409 1330 2466 diem

317 2509 456 2572 abstulit.
512 2512 761 2595 Longitutliuem
780 2518 876 2575 maris
895 2534 960 2574 non
978 2515 1175 2596 perlustravit
1191 2505 1330 2574 olenio.

316 2609 366 2674 sed
390 2612 612 2693 perlustraruut
636 2633 707 2674 cum
733 2616 802 2684 alil,
844 2629 912 2677 tutu
935 2637 1060 2696 quoque
1089 2615 1245 2678 Antonius
1273 2612 1329 2668 len·

316 2710 481 2781 kinsonue.
501 2715 634 2796 Angluc‚
658 2729 732 2776 aute
749 2730 879 2776 centum
898 2719 1019 2777 circiter
1036 2737 1149 2788 annor,
1172 2717 1225 2797 qui
1240 2723 1330 2772 tutum

316 2813 391 2875 lirun
415 2812 686 2894 septemtrionale,
724 2819 811 2896 quod
835 2816 874 2877 ab
897 2817 980 2878 alliis
1004 2817 1125 2902 Volgae
1152 2819 1192 2877 ad
1217 2807 1330 2875 laxartit

317 2913 392 2975 ollia
408 2916 604 2985 extenditur,
631 2919 828 3000 errarigavit.
877 2919 992 2980 Scribit
1012 2919 1056 2989 ia,
1088 2939 1175 2981 mare
1196 2917 1254 2976 boc
1272 2927 1330 2992 por·

295 3015 374 3098 ,rigi
398 3015 436 3074 arl
460 3033 527 3077 noo
552 3018 657 3078 leucas
675 3017 897 3089 Germanicas,
924 3039 998 3079 cum
1017 3019 1164 3082 Olearius
1181 3035 1245 3078 non
1261 3011 1329 3070 nltrt

316 3134 364 3196 90
392 3118 494 3178 leucar
521 3131 687 3191 numeret3
730 3121 811 3181 adeo
841 3137 958 3200 nempe
989 3118 1087 3202 spatia
1112 3135 1145 3182 et
1178 3111 1327 3180 intervalla

314 3220 424 3278 omnia
439 3219 607 3281 contraxit.
652 3221 700 3280 ab
717 3219 801 3282 olliie
820 3217 855 3281 V
853 3219 941 3301 olgae
957 3224 996 3280 ad
1015 3222 1178 3301 Boglatan
1195 3229 1328 3299 promun·

314 3319 434 3378 corium
467 3333 614 3379 numerat
646 3319 858 3382 lenkinsonue
886 3331 933 3399 74
956 3322 1070 3383 leucae.
1141 3327 1181 3384 tt
1206 3312 1327 3378 veroin

314 3417 566 3479 tabulieOlearli
589 3440 631 3480 ue
646 3421 779 3481 dimidia
799 3421 927 3502 quidem
949 3423 1056 3503 portio
1073 3421 1168 3485 huiur
1185 3408 1327 3482 intervalli

313 3521 520 3599 exprimitur.
547 3521 634 3582 unde
654 3536 801 3604 apparet.
829 3521 918 3581 illum
940 3523 1080 3584 mediam
1103 3537 1224 3606 partem
1246 3512 1327 3578 maria

314 3617 419 3702 Caspii
438 3620 625 3702 amputasse.
652 3637 684 3683 et
700 3625 789 3684 terrie
805 3621 988 3685 attribuisse.
1012 3659 1063 3670 -
1100 3625 1227 3685 Maneat
1244 3619 1326 3701 igitur

315 3719 377 3781 hoc
399 3741 485 3782 mare
506 3737 687 3803 porrectum
708 3723 748 3785 ab
771 3736 842 3785 ortu
866 3728 900 3784 in
921 3723 1081 3794 occasum,
1115 3727 1217 3788 sinon
1234 3721 1268 3780 ad
1289 3719 1324 3787 ²5

315 3822 438 3882 dierum
472 3826 729 3906 navigationem,
772 3823 879 3886 saitem
905 3845 947 3886 ue
971 3827 1005 3886 in
1033 3839 1098 3886 tam
1125 3841 1203 3888 arcta
1232 3815 1323 3902 spatio

314 3934 408 4001 atque
435 3920 582 3984 Olearius
615 3939 667 3984 aut
696 3927 833 4010 Scaliger
863 3923 980 3998 secere,
1022 3917 1323 4013 constringuuntur

312 4021 494 4105 longitudo.
555 4023 631 4086 Non
653 4039 776 4088 veteres
800 4041 943 4097 tantum,
979 4025 1029 4089 sed
1051 4041 1082 4090 et
1107 4031 1221 4091 Arabes
1242 4023 1322 4082 inco

311 4125 520 4187 conveniunt.
572 4125 671 4210 Quod
689 4142 798 4191 autem
821 4131 856 4190 in
879 4127 1022 4191 mensura
1047 4149 1114 4193 non
1137 4121 1321 4195 conveniatis
