2746 4894
134 445 185 504 ru
213 444 355 533 aona.
379 441 488 501 nar.
529 441 565 501 n.
587 445 641 500 nr.
682 444 716 503 c
736 445 815 506 vur.
856 443 936 516 tc.
1002 451 1067 522 345

43 619 158 686 tMacis
174 619 303 702 populis
318 619 500 682 nominant.
540 618 646 703 Vulgo
660 616 850 680 Morundan
867 619 1057 702 appellatur.

44 726 144 784 Verum
161 735 268 784 autem
284 721 327 783 esi
340 722 384 790 id.
408 722 494 802 quod
510 720 587 782 dicit
602 721 655 781 hic
670 719 772 791 Mela.
792 723 1059 803 promuntorium

45 829 68 886 it
88 823 229 908 asperum
250 823 309 885 essa
328 823 474 884 cautibus
495 821 653 904 stiriaque.
706 821 776 884 Nec
798 825 1060 904 promuntorium

44 939 160 997 tautum,
184 923 236 988 sed
252 937 283 986 et
298 937 403 986 totum
418 923 555 987 Arabiae
570 924 655 995 litua.
679 919 766 1006 quous
786 923 826 984 ab
840 921 960 988 intimo
978 925 1062 989 srntta

44 1029 136 1088 Persici
165 1026 284 1088 recessu
317 1045 417 1108 uaque
443 1027 482 1086 ad
508 1022 625 1088 insulae
652 1025 854 1088 Ouriamuric
880 1023 1063 1116 [d’hnvilitt

48 1129 152 1191 Carion
173 1142 206 1190 et
223 1119 380 1212 lilarian]
402 1128 502 1190 dictat
520 1128 722 1198 extenditur,
749 1127 927 1190 admodum
948 1130 991 1192 eii
1011 1149 1063 1191 ex·

44 1229 152 1292 celsum.
203 1227 311 1312 Ipsum
335 1240 443 1290 tamen
471 1231 731 1312 promuntorium
753 1227 962 1300 Mocaudan.
987 1231 1065 1292 aste-

45 1351 158 1411 rumqne
179 1333 267 1412 quod
292 1329 428 1412 sequitur
444 1325 644 1422 RoJalgatae
664 1324 755 1416 [sias
769 1330 802 1392 ai
821 1329 887 1392 Gar
903 1333 955 1394 rei
970 1331 1063 1404 Had.

46 1447 73 1492 nt
93 1427 265 1518 d'hnvilsa]
294 1433 434 1503 dictum.
475 1433 580 1493 musto
614 1427 807 1515 depressiora
833 1431 907 1494 sunt
938 1433 1065 1515 reliquo

45 1535 134 1604 litore.
167 1533 256 1617 quod
280 1535 390 1604 vassis.
422 1533 529 1596 arduit
547 1548 579 1596 et
598 1527 760 1596 inaccessae
782 1532 900 1617 ubique
924 1533 1067 1620 adsurgit

45 1636 173 1718 rupibus.
200 1635 319 1718 quibua
343 1633 470 1698 turifera
490 1636 544 1696 illa
564 1635 654 1720 regio
674 1648 840 1716 tamquam
861 1635 948 1699 vaslo
968 1656 1068 1700 arma·

47 1749 94 1798 tur.
122 1757 263 1800 voratur.
325 1737 476 1802 Niebuhr
507 1737 543 1798 in
569 1735 680 1800 tabula
714 1737 849 1800 Arabiae
873 1751 970 1800 vocat
994 1739 1069 1802 flas

45 1830 238 1926 Muffendom.
261 1839 295 1900 in
309 1839 378 1902 aliia
392 1840 480 1901 uarie
495 1837 678 1902 inflectitur.
714 1839 786 1902 vid.
800 1835 964 1925 Biisching
979 1840 1016 1902 P.
1031 1851 1067 1918 5.

46 1940 123 2003 Tum.
141 1961 169 2004 r.
193 1961 227 2023 p.
245 1961 290 2003 m.
308 1951 393 2017 718.
416 1942 471 2023 qui
487 1955 519 2003 et
534 1961 566 2022 p.
582 1961 626 2002 m.
644 1941 729 2023 643.
747 1952 781 2001 et
798 1955 883 2016 712.
903 1941 1068 2004 detractu

45 2040 141 2102 literali
158 2043 246 2105 idem
261 2040 368 2108 refert.
401 2033 610 2136 Exasperarrt
624 2042 792 2128 graphice.
819 2043 869 2105 uti
884 2040 981 2117 solet.
1008 2062 1067 2127 pro

45 2141 154 2228 simplici
169 2135 264 2236 sunt.

107 2345 294 2432 aliquot)
324 2345 446 2418 Insulae
466 2347 588 2430 aliquot
605 2347 690 2410 inter
705 2347 786 2410 duot
803 2347 886 2412 srnut
900 2366 920 2411 e
934 2348 1069 2434 regione

48 2445 260 2519 Eudaemonir.
283 2451 330 2512 uti
350 2445 390 2514 τὸ
405 2449 509 2512 medio
522 2449 659 2534 explicat
673 2450 847 2520 Vadiauue.
871 2451 1069 2514 nominatim

47 2563 260 2613 commemorat
281 2552 407 2614 Pliniue
430 2553 464 2622 6,
490 2565 549 2630 34.
574 2548 595 2613 s.
620 2566 679 2632 29.
701 2565 735 2613 et
754 2551 963 2638 'Ptolemaeus
977 2554 1011 2623 6.
1033 2567 1069 2628 7.

49 2647 203 2727 Sporades.
231 2654 279 2714 uti
297 2668 409 2725 vocat.
435 2651 545 2716 versut
562 2653 688 2715 indiam
706 2665 739 2714 et
758 2653 962 2727 Gedrosiam.
987 2653 1070 2741 Aga·

48 2747 205 2817 thtrrhidea
222 2753 263 2818 de
277 2754 375 2818 rubro
391 2755 471 2816 mari
487 2775 515 2819 c.
535 2773 589 2837 ¹9·
606 2774 639 2837 p.
657 2765 715 2836 54.
733 2755 805 2834 (ed.
823 2755 948 2836 Huds.)

109 2954 286 3040 Ogyris)
326 2958 381 3021 Gr.
397 2947 558 3045 Ὦγυρις,
580 2955 631 3018 uti
650 2969 771 3018 vocant
786 2956 922 3038 Dionys.
938 2979 971 3022 v.
982 2959 1069 3036 607.

50 3073 80 3116 tr
92 3077 126 3120 eo
142 3058 292 3122 Priscian.
310 3081 339 3121 r.
355 3057 439 3137 605.
461 3072 494 3122 et
507 3058 649 3121 Avienus
664 3067 793 3137 r.794.
820 3058 943 3122 Pliniut
957 3061 990 3131 6.
1008 3075 1069 3140 32.

50 3154 128 3236 [28.
152 3161 337 3243 Stephanae
351 3163 385 3225 h.
406 3181 439 3224 v.
472 3161 527 3242 qui
549 3179 622 3220 cum
645 3159 731 3221 Mela
753 3160 909 3240 Erythrae
930 3164 1070 3245 regiain
1093 3185 1097 3207 ·

50 3275 79 3320 ea
91 3259 260 3344 sepulcrum
276 3276 414 3345 ponunt.
445 3251 586 3348 Ὦγυρις
600 3261 632 3322 in
646 3261 744 3324 Suida
758 3259 813 3321 sub
827 3261 859 3324 b.
875 3283 909 3325 v.
925 3264 1022 3329 Tom.
1034 3279 1069 3327 n.

50 3377 77 3439 p.
88 3375 163 3438 752.
181 3363 356 3452 (Kusier.)
378 3359 675 3451 simpliciterssyuty
690 3375 834 3428 vocatur.
867 3364 999 3426 Variant
1015 3365 1072 3428 alii

48 3458 140 3526 iubac
153 3465 253 3528 insula
268 3467 481 3536 nominanda.
499 3485 580 3546 quae
591 3464 749 3544 Erythrae
765 3465 928 3526 tumulum
943 3465 1068 3532 habuit.

51 3559 148 3628 Strabo
162 3570 249 3630 enirn
265 3569 319 3632 16.
333 3589 366 3650 p.
378 3581 462 3646 527.
474 3564 495 3628 s.
507 3567 592 3642 766.
611 3580 707 3628 vocat
720 3561 897 3654 Τυῤῥένην.
920 3566 1071 3632 Nearcho

51 3675 79 3722 et
90 3666 261 3754 Orthagora
282 3669 432 3740 testibus.
463 3686 600 3749 eamque
621 3665 729 3730 versut
750 3667 888 3730 austrum
907 3688 923 3730 a
940 3667 1072 3732 Carma-

31 3765 111 3828 ¹uiae
130 3773 352 3850 promontorio
375 3766 638 3856 (Harmozonte)
661 3783 809 3832 removet
833 3785 929 3834 uuoo
954 3769 1072 3836 stadiis.

52 3861 200 3934 Nearchus
217 3886 325 3936 tamen
341 3875 375 3934 in
392 3871 521 3955 paraplo
538 3871 623 3952 apud
639 3871 762 3932 arrian.
780 3872 813 3932 in
831 3872 949 3934 indicis
966 3891 994 3936 c.
1013 3887 1070 3952 37.

54 3962 108 4030 five
120 3991 150 4054 p.
168 3989 225 4054 50.
240 3972 384 4059 (Huds.)
406 3985 501 4037 vocat
524 3965 708 4060 Ὀάρακτα.
731 3971 786 4033 ubi
803 3973 958 4052 Erythrae
976 3971 1074 4056 sepul·

53 4083 147 4143 uum.
171 4095 209 4137 ex
229 4089 297 4158 'quo
320 4077 506 4138 Harduinue
521 4075 561 4136 ad
581 4074 664 4136 Ptin.
681 4075 716 4147 6,
737 4089 796 4151 32.
813 4071 835 4140 s.
851 4071 912 4150 28.
935 4076 1075 4149 coniicit.

53 4165 83 4232 sa
102 4173 251 4241 Strabone
275 4177 502 4266 reponendum
527 4173 589 4242 esse
610 4171 782 4268 Δοράκτα.
819 4177 935 4244 Strabo
960 4179 1073 4264 paullo
