2696 4896
290 383 350 458 ιι.
556 385 718 442 noran
757 381 1067 441 nxaonrtcan

293 559 362 620 beri
381 555 518 620 scribunt
536 557 732 622 Claudianus
748 571 782 622 et
796 555 987 628 Ambrosius,
1010 555 1185 640 sphaeram
1203 558 1328 618 vitream

296 659 410 730 obiici,
438 673 469 720 et
484 673 631 730 matrem,
654 681 736 743 quae
754 659 898 723 subolem
913 671 1013 742 putet,
1035 659 1110 720 ludi
1127 673 1162 720 ct
1175 660 1326 720 retardari.

299 763 407 844 Quam
424 763 554 843 quidem
572 760 732 832 fraudem,
759 781 834 823 curn
852 776 974 824 veteree
996 763 1174 845 ignorent,
1199 760 1266 842 poll
1285 761 1329 822 de·

299 883 390 924 mnm
414 863 581 924 inventam
601 865 702 924 credit
723 861 852 924 Salmas.
871 865 908 924 acl
925 863 1029 926 Solin.
1047 881 1077 922 c.
1097 860 1121 922 l.
1143 881 1176 944 p.
1195 881 1239 924 m.
1259 873 1328 941 149.

300 960 351 1027 Cf.
371 965 469 1025 etiam
484 962 583 1026 Vales.
599 964 638 1025 ad
656 965 818 1028 Ammian.
835 985 862 1028 c.
886 965 908 1026 l.
958 963 1138 1025 Buffoniua
1161 961 1243 1022 nihil
1262 965 1330 1024 eiua·

298 1065 389 1128 modi
417 1065 547 1134 adtulit,
586 1085 645 1128 nec
670 1079 914 1129 commentator.
966 1064 1016 1126 Ab
1038 1063 1210 1145 equitibue
1235 1075 1328 1125 tamen

300 1169 372 1248 capi
396 1165 492 1230 refert
516 1169 614 1230 etiam
633 1166 773 1249 Oppiam.
795 1169 828 1230 in
850 1167 970 1251 Cyneg.
993 1186 1022 1238 t,
1042 1177 1107 1242 75.
1150 1163 1330 1248 Exposuerat

233 1278 242 1291 '
300 1271 399 1330 etiam
414 1269 453 1331 de
470 1283 535 1330 arte
551 1269 696 1350 capiendi
714 1267 922 1339 Ammianus,
947 1269 1033 1349 qnod
1052 1265 1136 1328 dicit
1150 1264 1216 1350 ipse
1232 1279 1285 1348 23,
1300 1265 1327 1330 6.

302 1371 353 1432 De
369 1370 469 1433 verbo
478 1361 639 1464 frtfirari
653 1370 776 1432 dictum
790 1370 833 1433 ett
850 1371 890 1434 ad
907 1387 940 1441 Ω,
958 1384 991 1445 7,
1008 1389 1044 1450 9.

467 1576 497 1652 ς.
526 1585 560 1651 8.
611 1569 863 1655 ambiguum)
918 1569 1006 1634 inira
1022 1585 1057 1650 3.
1077 1589 1112 1652 9,
1132 1583 1165 1647 3.
1191 1567 1247 1629 nbi
1268 1584 1330 1629 ean·

303 1674 378 1737 clem
401 1675 618 1756 quaestionem
640 1678 680 1737 de
703 1677 881 1737 meridiano
906 1677 988 1735 mari
1017 1673 1111 1756 supra
1139 1671 1329 1751 Aethiopiam

303 1777 419 1860 agitat:
454 1774 582 1838 dubium
606 1776 800 1860 aliquamdiu
821 1767 917 1866 fuit.
949 1766 1063 1864 effitne
1086 1775 1178 1836 ultra
1201 1769 1328 1852 pelagus·

303 1892 465 1958 caperetne
480 1890 565 1940 terra
581 1879 759 1951 circuitam,
784 1899 827 1941 an
851 1869 1128 1970 exitattstofluctu
1137 1869 1214 1967 fine
1225 1869 1289 1966 fine
1297 1860 1329 1962 st

303 1971 420 2070 Africa
441 1979 630 2045 extenderet.

379 2180 555 2263 idemne)
587 2185 652 2246 Aut
665 2184 799 2246 omnino
816 2181 975 2254 Oceanus,
992 2181 1046 2264 qui
1062 2193 1173 2243 toturn
1189 2191 1328 2242 tetramm

304 2280 419 2344 orbem
434 2282 546 2355 ambit,
578 2299 633 2346 aut
651 2306 738 2347 mare
753 2285 947 2363 Scythicum,
974 2283 1060 2344 unde
1076 2280 1150 2366 posi
1165 2299 1231 2361 cap.
1247 2292 1277 2352 7.
1295 2273 1327 2335 ad

306 2381 415 2446 Eoum
430 2404 518 2447 mare
536 2385 663 2448 cursum
680 2387 797 2455 flectit.
822 2400 855 2450 et
876 2383 1137 2468 septemtrionale
1154 2383 1194 2442 ad
1208 2382 1326 2444 laevam.

306 2503 370 2566 qua
392 2486 425 2546 in
450 2487 655 2549 Germaniam
675 2489 863 2572 navigatur,
889 2489 938 2547 uti
958 2484 1123 2568 sequentia
1146 2483 1273 2549 docent.
1294 2476 1326 2536 dt

306 2581 398 2648 cuiue
415 2587 473 2646 situ
489 2602 522 2648 et
537 2588 745 2672 descriptione
766 2587 910 2670 pluribue
926 2584 1074 2672 exposuit
1090 2585 1217 2648 Plinine
1232 2591 1263 2661 4,
1279 2591 1326 2650 27·

308 2683 331 2749 s.
352 2701 409 2766 13.
452 2688 492 2749 H.
516 2711 600 2752 mare
619 2690 756 2772 glaciale
777 2689 799 2752 s.
826 2686 972 2751 Oceanus
985 2679 1269 2778 septemtrionalia,
1291 2677 1324 2737 da

307 2806 371 2870 quo
402 2803 527 2870 praeter
555 2793 633 2854 alioe
659 2793 824 2854 Hermann
854 2791 1066 2872 Schilderung
1091 2805 1161 2848 von
1188 2775 1327 2845 Ruseland

306 2909 340 2970 p.
361 2900 429 2970 149
447 2889 510 2973 sqq.
562 2892 762 2978 Navigatum
786 2905 893 2956 autem
916 2911 991 2953 eum
1011 2906 1044 2952 et
1065 2889 1148 2950 olim
1166 2881 1251 2946 fuisse
1272 2897 1327 2938 ma·

307 2991 377 3053 iore
392 3011 431 3053 ex
451 3006 540 3073 parte
564 2993 707 3076 auspiciis
724 2993 869 3078 nugulli.
903 2995 952 3053 uti
968 2991 1179 3053 Germaniam
1201 2985 1239 3046 ad
1252 2981 1327 3043 Cim·

307 3091 439 3154 brorum
462 3098 736 3176 promontorium,
764 3095 909 3156 adfirmat
925 3093 1012 3155 Plin.
1029 3108 1063 3162 a,
1081 3089 1143 3168 67.
1182 3085 1259 3149 lude
1278 3077 1327 3143 ml·

307 3195 398 3256 nime
419 3195 587 3258 verilimile
603 3196 723 3267 censet,
749 3195 813 3258 illic
835 3197 933 3256 maria
951 3195 1101 3264 deficere,
1127 3189 1185 3252 ubi
1200 3181 1327 3248 humorit

308 3295 359 3355 vie
386 3293 519 3379 superet.
580 3297 821 3378 subiicit-hinc
846 3297 905 3357 alia
935 3296 1098 3378 enavigati
1130 3292 1198 3353 ciue
1221 3279 1327 3348 Oceani

308 3399 464 3480 exempla.
500 3396 551 3461 cf.
567 3400 607 3459 acl
623 3399 728 3460 Taciti
750 3398 902 3459 German.
924 3416 993 3480 cap.
1013 3405 1071 3474 54.
1088 3408 1121 3459 et
1136 3403 1195 3472 45.
1210 3390 1252 3449 in.
1286 3385 1326 3444 Dc

307 3499 518 3582 navigatione
541 3498 803 3582 septemtrionalia
828 3499 946 3561 Oceani
968 3498 1082 3558 eadem
1105 3514 1146 3556 ex
1169 3489 1269 3555 Plinio
1288 3498 1326 3542 re·

308 3595 369 3660 sert
395 3599 546 3664 Martian.
574 3587 702 3684 Capella
726 3601 782 3664 lib.
802 3602 836 3667 6.
857 3621 891 3687 p.
912 3619 956 3661 m.
981 3614 1067 3665 noo.
1099 3595 1158 3658 ubi
1182 3605 1213 3656 et
1237 3598 1324 3650 cetera

180 3778 184 3782 Ι
308 3697 444 3765 subiicit.

383 3895 533 3997 ⁸'nf‘st
546 3904 593 3987 α)
642 3906 694 3969 ⁵¹⁰
716 3907 800 3969 Flor-
818 3913 853 3989 4,
879 3924 933 3976 ιο,
955 3913 988 3980 8.
1016 3891 1136 3996 infesta
1150 3891 1214 3991 fici
1239 3884 1325 3999 regia?

309 3993 446 4096 infestae
467 4003 605 4099 hostibus
619 4009 700 4079 viae,
724 4008 860 4070 Sueton.
880 4005 962 4091 Aug.
987 4023 1055 4087 cap.
1076 4013 1110 4079 8.
1148 3999 1267 4077 Nempe
1286 4003 1324 4044 ιιι·

300 4095 413 4198 fastus
436 4105 471 4168 in
491 4107 554 4171 hoc
575 4127 661 4171 nexu
680 4123 714 4171 et
733 4106 823 4172 sensu
845 4107 890 4172 est
915 4097 1106 4202 infestatus,
1140 4103 1258 4180 dequo
1278 4081 1325 4148 usu
