2746 4894
302 425 366 492 552
574 409 739 472 sorta
779 411 1082 475 axacarrcsa

302 590 340 652 in
372 589 518 682 locorum
548 585 687 650 allorum
722 587 798 651 [eris
829 601 982 674 occupat,
1026 587 1159 650 turbant
1193 599 1342 650 auctores.

301 689 416 757 Strabo
440 689 527 751 enim
551 689 622 753 0.1.
650 689 689 752 ab
718 689 895 773 Heroopoli
929 689 1157 775 navigantibus
1188 709 1344 753 occurrere

303 794 383 856 dicit
399 789 605 861 Philoteram,
632 786 711 853 inde
728 790 812 874 sequi
827 793 918 854 aliam
937 793 1051 853 urbem
1068 792 1234 863 Arsinoen,
1254 811 1344 874 quam

302 908 411 957 tamen
434 903 489 969 ¹8·
511 912 543 974 p.
564 903 650 970 553.
668 891 688 954 l.
707 904 792 977 304.
811 913 884 956 cum
903 893 972 957 aliie
992 891 1023 958 ἐν
1045 893 1097 974 τῷ
1115 892 1227 982 μυχῷ
1247 894 1342 976 ponit.

301 1011 375 1060 tem
402 987 496 1070 Μυὸς
520 985 639 1082 ὅρμον.
671 993 773 1056 sunum
800 996 1024 1066 immundum,
1052 997 1088 1056 in
1114 997 1210 1056 cuius
1234 995 1343 1056 retello

300 1097 472 1168 Berenice,
499 1095 567 1178 poll
580 1097 812 1178 Serpenlarlam
835 1091 1023 1182 (Ὀφιώδη)
1046 1095 1185 1158 insulam
1207 1110 1240 1157 et
1261 1097 1342 1155 dein·

301 1219 386 1283 ceps.
432 1197 531 1282 Qtrod
553 1198 592 1259 ad
614 1197 696 1259 finus
713 1212 745 1262 et
766 1211 895 1281 portus,
923 1197 1080 1261 consentit
1096 1195 1342 1282 Agatharchides

302 1314 335 1365 et
357 1301 519 1362 Diodorus
538 1312 571 1378 3,
594 1311 639 1379 39
656 1297 697 1381 lq.
750 1303 789 1364 At
811 1300 934 1363 Plinius
949 1320 976 1363 c.
993 1301 1013 1361 l.
1036 1301 1240 1362 l’biloteram
1263 1299 1339 1359 inter

300 1402 456 1467 Arlinoen
486 1401 607 1484 (prope
635 1401 865 1484 Heroopolim)
895 1413 927 1462 et
960 1395 1055 1474 Μυός
1089 1393 1193 1485 ὅρμον
1228 1397 1339 1482 posuit.

300 1503 508 1570 Ptolemaeus
523 1510 557 1584 4.
577 1514 609 1580 5.
635 1503 703 1586 post
725 1503 877 1565 Arsrnoen
897 1503 982 1564 illam
1000 1507 1090 1586 ponit
1113 1497 1214 1568 Μυός
1237 1494 1339 1588 ὅρμον.

300 1607 355 1669 cui
370 1603 497 1665 subiicit
515 1603 691 1668 Philoteras
705 1618 854 1688 portum.
882 1604 1057 1667 Berenicen
1074 1617 1106 1666 et
1129 1605 1284 1684 deinceps
1305 1601 1339 1661 ad

300 1707 436 1774 Coloba.
490 1707 581 1791 Quae
598 1709 728 1788 quidem
745 1707 824 1768 ratio
840 1707 961 1787 optime
981 1726 1054 1766 cnm
1072 1704 1157 1765 Mela
1176 1703 1338 1766 consentit.

300 1811 339 1871 ln
356 1810 512 1871 hodierno
534 1813 668 1871 nomine
691 1811 812 1870 variant
829 1809 924 1869 etiam
943 1809 1141 1868 recentiores.
1199 1808 1251 1868 Sic
1272 1807 1336 1864 [ion

300 1911 382 1973 luen
399 1911 439 1971 tle
456 1909 562 1974 Callro
584 1911 671 1994 (vid.
690 1910 770 1994 Allg.
791 1907 905 1970 Reilen
926 1910 995 1972 Vol.
1018 1930 1046 1970 r.
1071 1927 1102 1990 p.
1122 1907 1233 1988 213.)
1254 1917 1337 1988 putat

300 2011 361 2073 elle
376 2011 417 2074 Al
433 2005 548 2102 Koffir.
586 2011 809 2073 Sicd'tlnville
825 2029 852 2073 c.
869 2011 890 2072 l.
911 2031 944 2092 p.
962 2025 1044 2090 030.
1065 2025 1148 2080 272.
1172 2011 1204 2071 h.
1225 2000 1333 2097 (Iosefr,

298 2113 387 2196 qnod
402 2113 470 2174 aliis
487 2111 530 2174 eli
545 2107 626 2198 μυὸς
641 2104 748 2200 ὅρμος,
772 2113 822 2173 uti
838 2111 926 2194 lepra
942 2113 1075 2188 dictum,
1098 2115 1170 2176 aliis
1188 2111 1334 2174 Berenice.

298 2211 746 2300 vid.sttgsm.1teissnv01.
767 2234 797 2279 ι.
821 2234 853 2301 p.
874 2229 907 2295 3.

374 2415 632 2499 Ptolemais)
680 2413 879 2496 Πτολεμαῒς.
929 2419 1021 2486 Civis
1045 2415 1280 2504 Hrolspeirpr
1301 2422 1330 2474 et

297 2513 543 2608 Πτολεμαιεῦς,
567 2520 641 2582 telle
656 2520 837 2604 Stephano,
861 2521 915 2584 cist
930 2523 970 2584 tle
989 2521 1048 2583 loia
1065 2523 1244 2584 Phoenices
1260 2517 1328 2576 urbe

296 2621 497 2686 Ptolemaide
517 2619 612 2691 dicii.
639 2621 713 2684 aliae
737 2626 944 2706 cognomines
962 2627 1120 2706 praeterit.
1162 2621 1273 2683 Noller
1291 2619 1326 2675 ita

295 2723 477 2804 limpliciter
499 2735 608 2794 vocat,
635 2723 706 2794 alii,
730 2743 803 2784 cum
824 2723 945 2786 fuerint
965 2727 1086 2808 piures,
1113 2725 1234 2785 adiecta
1251 2733 1327 2779 nuta·

297 2824 386 2885 tione
402 2823 575 2906 delignant.
613 2825 789 2888 loriniani
805 2829 929 2908 periplo
949 2827 992 2890 in.
1011 2828 1137 2888 additur
1161 2820 1179 2910 ἢ
1206 2813 1255 2886 ἐπὶ
1279 2821 1327 2904 sp

298 2924 373 3015 priv.
411 2924 614 2988 Ptolemaeus
631 2937 665 3006 4,
683 2943 715 3003 7.
738 2941 771 2988 et
793 2929 826 2988 in
843 2927 963 2990 Africae
984 2928 1088 2990 tabula
1104 2921 1138 3010 4'.
1165 2921 1262 3010 ἡτῶν
1277 2921 1326 3004 9»,-

297 3027 372 3115 ρῶν.
406 3027 637 3111 Agathemerus
658 3049 685 3097 ι,
707 3043 738 3108 3.
760 3019 846 3114 isael
863 3024 977 3117 θήρας.
1003 3032 1115 3091 Strabo
1136 3031 1190 3092 16.
1207 3035 1322 3108 P·5.i⁰·

296 3127 319 3191 l.
337 3144 421 3206 770.
438 3124 518 3216 πρός
533 3129 577 3216 τῇ
590 3127 677 3216 θήρᾳ
693 3129 759 3193 ταῖν
774 3123 980 3212 ἐλεφάντων.
1007 3129 1089 3193 Plio.
1108 3133 1142 3201 6.
1163 3141 1220 3208 34.
1237 3123 1255 3184 l·
1270 3138 1322 3199 29.

294 3231 469 3310 Epitheras
484 3233 719 3310 cognominata.
745 3232 836 3294 Idem
853 3247 885 3302 Ω.
905 3245 963 3311 75.
982 3229 1004 3294 l.
1025 3247 1059 3310 7.
1081 3231 1126 3293 orl
1145 3233 1260 3310 prinros
1273 3221 1321 3282 ele·

294 3333 489 3413 phariseorum
515 3343 651 3394 oenones
676 3331 836 3394 conditum
859 3333 1023 3415 oppidum.
1075 3333 1203 3415 Nempe
1222 3324 1319 3392 Ptole·

293 3451 403 3496 ntaeue
426 3430 656 3516 Philadelphus
678 3433 871 3496 Graecorum
896 3439 1020 3519 primus
1045 3436 1078 3496 in
1104 3435 1153 3496 his
1178 3435 1240 3494 oris
1265 3425 1317 3486 ele·

293 3536 488 3619 phantorum
511 3538 717 3597 venationem
739 3535 890 3607 instituit,
925 3539 973 3598 uti
991 3540 1108 3598 docent
1130 3525 1319 3618 Agatharchi-

295 3639 350 3698 des
373 3635 414 3697 rie
435 3633 531 3696 rubro
547 3637 627 3696 mari
648 3639 694 3699 in.
733 3637 845 3698 Strabo
860 3657 886 3700 c.
903 3639 925 3702 l.
958 3640 1079 3700 Arrian.
1096 3640 1129 3698 in
1145 3633 1262 3720 periplo
1277 3629 1314 3687 ln·

293 3736 419 3800 Plinius
434 3737 467 3807 6.
486 3747 543 3815 34.
561 3736 582 3800 [.
602 3753 660 3817 29.
683 3751 716 3800 et
738 3739 771 3798 in
792 3739 903 3821 primis
925 3752 1173 3800 monumentum
1191 3732 1316 3801 Adulita·

269 3855 272 3862 ⁴
293 3859 392 3911 num,
424 3840 511 3920 qnod
528 3839 613 3902 idem
629 3840 723 3901 etiam
745 3840 811 3902 filio
827 3839 1013 3904 Ptolemaeo
1026 3842 1202 3925 Evergetae
1218 3829 1314 3897 tribuli

292 3939 343 4003 his
360 3939 467 4002 verbis
484 3940 517 4000 in
540 3955 615 4004 nota
632 3943 669 4002 ad
685 3940 803 4001 Melam
827 3962 843 4003 a
861 3939 967 4004 Voffio
984 3941 1147 4004 subiectis:
1174 3934 1228 4014 οὓς
1244 3923 1314 4014 (sil-

294 4039 445 4124 φαντας)
461 4033 518 4105 ὅτε
532 4037 641 4130 πατὴρ
659 4033 776 4114 αὐτοῦ.
792 4033 845 4105 nai
862 4039 964 4118 αὐτός
979 4044 1110 4130 πρῶτος
1125 4039 1161 4108 ἐκ
1177 4039 1240 4106 τῶν
1252 4023 1310 4119 χὼ·

293 4165 354 4232 ρων
371 4133 500 4208 τούτων
515 4139 702 4234 ἐθήρευσαν.
730 4142 781 4210 ef.
797 4146 894 4209 ctiam
910 4147 1045 4211 Diodor.
1062 4159 1096 4226 3,
1117 4157 1170 4225 ra.
1205 4129 1309 4224 Oppidi
1347 4175 1349 4218 ὲ
