2746 4894
296 423 362 508 506
568 425 732 486 ttoraa
774 426 1081 486 axooaarcta

377 603 496 667 locus
505 597 523 684 )
571 599 650 664 Alit·
670 591 819 694 eliscus.
861 603 964 662 Duxit
984 614 1017 664 et
1037 601 1099 663 hoc
1119 619 1160 663 ex
1174 599 1329 665 Herodoto

303 727 335 794 5,
357 721 415 786 25.
448 707 504 786 qui
529 703 567 764 iic
588 699 671 765 iere:
706 698 839 776 ἀσθενὲς
863 695 948 790 ὕδωρ
972 703 1030 788 τῆς
1050 699 1166 792 κρήνης
1186 735 1234 752 -·
1255 695 1331 768 ὥστε

301 805 399 900 μηδὲν
422 801 528 870 οἷόντε
549 793 629 868 titur
646 799 701 866 ἀπ’
718 799 824 868 adrat
840 800 1000 869 ἐπιπλέειν
1019 801 1102 891 μήτε
1120 793 1233 878 ξύλον,
1257 801 1331 892 μήτε

301 911 386 980 ctio,
422 903 483 970 door
509 893 618 979 ξύλου
647 895 713 968 ἐστὶ
738 901 969 992 ἐλαφρότερα·
1008 902 1100 968 etit
1123 901 1231 970 πάντα
1254 903 1331 988 σφέα

301 1007 437 1097 χωρέειν
455 1003 484 1084 ἐς
502 1001 639 1084 βυσσόν.
663 1007 711 1068 Ex
725 1028 790 1088 quo
803 1007 935 1070 mutaiie
951 1009 1090 1070 nostrum
1101 1007 1259 1069 Herotodi
1274 1027 1331 1070 nar·

302 1117 473 1177 rationem,
500 1110 550 1170 rei
566 1107 764 1190 amplificatio
779 1113 918 1192 adparet.
947 1111 996 1170 De
1011 1113 1117 1172 nitore
1132 1111 1227 1172 etiarn
1244 1109 1331 1172 Hero·

303 1216 408 1283 dotut,
436 1210 486 1274 sed
504 1231 585 1292 quae
600 1211 744 1272 adiunxit
760 1211 799 1272 de
817 1209 937 1272 salutari
956 1211 1000 1280 vi,
1026 1232 1122 1293 quam
1140 1213 1214 1274 lotia
1230 1211 1332 1272 tribuat

305 1317 358 1377 hic
372 1314 461 1375 iocus
478 1309 498 1374 i.
509 1302 595 1402 fons
615 1310 673 1374 sec.
696 1313 909 1384 Herodotum,
932 1311 1039 1374 omitit
1053 1311 1180 1376 Noster.
1212 1311 1331 1383 Piiuiue,

304 1417 435 1482 Solinus
457 1433 484 1475 c.
509 1415 530 1473 Ι.
554 1411 615 1506 Est
635 1425 667 1474 et
691 1411 808 1476 ididem
830 1413 936 1483 iocus,
969 1435 1031 1498 quo
1052 1404 1191 1505 perfusa
1212 1433 1331 1495 corporo

305 1518 393 1580 vehat
415 1515 500 1577 oliuo
521 1504 691 1605 nitescunt.
743 1515 800 1576 Eoc
823 1517 885 1578 hoo
902 1515 975 1577 tacu
996 1528 1093 1598 potus
1109 1506 1331 1606 saluberrimus.

308 1621 392 1680 Sorte
404 1617 484 1678 adeo
500 1615 640 1698 liquidus
656 1613 711 1708 est,
739 1629 776 1676 ot
795 1637 833 1676 rte
847 1616 988 1678 caducos
1002 1616 1127 1699 quidem
1145 1617 1239 1677 veltet
1246 1607 1333 1706 fron·

307 1721 379 1789 des.
406 1709 469 1810 fed
490 1717 573 1778 t'iit'co
593 1707 687 1806 folia
711 1708 805 1809 lapsa
829 1717 875 1778 od
891 1710 1039 1808 fundum
1064 1718 1216 1780 demittat
1239 1718 1333 1780 taetris

307 1821 473 1884 tenuitate.
524 1818 633 1880 liidor.
659 1818 749 1902 Orig.
775 1833 827 1896 13,
855 1834 909 1895 13.
935 1820 969 1880 in
991 1820 1162 1900 Aethiopia
1184 1819 1267 1904 lacus
1286 1816 1332 1912 est,

307 1941 370 2006 quo
390 1910 525 2012 perfuso
552 1939 685 2000 corpora
707 1919 794 1982 velut
815 1920 883 1982 oleo
907 1911 1076 2011 nitescunt.
1128 1921 1221 1985 Adde
1239 1921 1332 1982 Theo·

307 2022 478 2108 phraitum,
504 2041 600 2102 quem
619 2021 733 2084 Sotion
755 2025 789 2083 in
806 2035 944 2104 excerpt.
958 2041 990 2104 p.
1006 2033 1085 2101 ¹4⁰·
1107 2035 1143 2084 et
1156 2023 1333 2101 Pliniue31,

314 2136 370 2204 ²4·
386 2123 407 2188 i.
426 2140 459 2186 9.
477 2123 608 2184 tradunt
624 2122 764 2195 narraiie,
789 2121 912 2186 iontem
931 2125 964 2184 in
981 2123 1152 2204 Aethiopia
1167 2125 1229 2202 olei
1243 2127 1332 2185 viceor

310 2226 447 2308 explere.
485 2226 535 2287 De
548 2243 647 2306 aquae
662 2226 792 2286 levitate
809 2225 917 2288 similia
934 2228 1064 2287 evenire
1079 2241 1208 2288 narrant
1223 2227 1255 2288 in
1271 2224 1333 2287 Side

308 2328 418 2390 indiae
436 2339 469 2388 et
491 2327 524 2388 in
543 2329 668 2390 Averno
690 2325 891 2410 Campaniae.
930 2328 1000 2391 Vid.
1018 2328 1102 2389 Ptin.
1120 2343 1180 2404 31,
1204 2339 1255 2406 ¹8·
1273 2325 1330 2388 it.

308 2443 343 2491 et
364 2427 562 2492 Beckruarrn.
579 2428 618 2488 ad
641 2429 792 2513 Antigon.
809 2449 876 2510 cap.
898 2424 977 2492 162.
995 2449 1026 2511 p.
1044 2444 1129 2500 9ο7.
1183 2431 1230 2491 Ad
1247 2430 1331 2490 alium

308 2528 433 2592 iontem
462 2529 621 2611 pertinere
652 2529 763 2598 debet,
798 2531 886 2611 quod
915 2529 989 2591 teste
1016 2531 1124 2592 Plinio
1143 2545 1202 2610 51,
1220 2529 1329 2609 5.i.t.

310 2631 429 2694 Cteiiaa
444 2627 592 2700 tradidit,
620 2631 731 2709 quiex
749 2629 839 2694 fonte
851 2631 947 2692 rubro
965 2634 996 2692 io
1013 2631 1184 2716 Aethiopia
1199 2633 1330 2700 biberint,

309 2731 494 2814 lymphatos
509 2732 571 2815 agi.
605 2731 648 2791 Et
664 2730 703 2791 irc
718 2729 784 2796 fere
799 2733 898 2796 Ovio.
913 2733 1045 2795 Metam.
1062 2746 1095 2811 5,
1113 2747 1199 2814 519.
1217 2735 1332 2798 Aetirt'o·

308 2853 365 2914 pes
378 2831 466 2894 taem
480 2845 582 2895 notat.
618 2832 710 2906 Vide,
735 2853 818 2917 quot
832 2836 871 2897 ad
886 2835 972 2899 Ptin.
989 2855 1016 2899 c.
1034 2834 1056 2898 1.
1072 2849 1231 2920 praeterea
1245 2831 1331 2898 adfert

307 2934 502 2998 Horduioue.

384 3135 626 3221 Lycaones)
686 3137 803 3222 Quales
829 3139 908 3213 tint,
940 3137 1141 3226 cognoscitur
1170 3159 1208 3204 ex
1231 3137 1328 3204 Soiino

310 3259 377 3322 cap.
393 3252 451 3317 30.
469 3236 489 3302 i.
506 3251 565 3319 35.
589 3237 713 3301 Eodem
731 3243 908 3322 Aethiopia
931 3243 1036 3304 mittit
1050 3242 1238 3326 laycuorrem.
1275 3239 1330 3303 Ide

305 3361 368 3421 pus
383 3337 427 3431 est
441 3341 557 3401 cervice
579 3339 711 3402 iubatus
725 3355 758 3404 et
779 3355 828 3404 tot
844 3343 946 3405 modis
961 3345 1087 3415 variter,
1114 3355 1152 3406 ut
1165 3333 1277 3406 nutum
1290 3337 1330 3400 itt·

308 3440 438 3502 colorem
459 3440 572 3501 duone
596 3433 706 3529 adeffe.
761 3443 883 3507 Pliniue
905 3457 939 3523 8,
966 3459 1024 3526 30.
1048 3443 1070 3508 f.
1093 3462 1153 3509 9ι.
1182 3445 1239 3506 ubi
1254 3444 1327 3504 irunt

308 3541 414 3602 iocum
432 3541 545 3613 Melae,
572 3545 658 3624 quod
675 3543 822 3607 adiuncta
838 3547 965 3616 docent,
991 3547 1141 3619 reddidit,
1167 3567 1223 3630 pro
1237 3546 1326 3624 lycao·

307 3643 404 3704 tribue
429 3639 535 3725 posuit
564 3645 692 3726 lyncas,
730 3647 778 3706 uti
809 3649 905 3710 etiam
933 3645 1037 3709 visum
1063 3647 1107 3710 eo
1132 3646 1273 3710 salmane
1296 3644 1325 3702 in

306 3745 436 3807 exercit.
461 3745 545 3808 Plio.
561 3766 594 3829 p.
606 3765 651 3808 m.
664 3745 747 3822 276.
792 3749 854 3810 Sed
869 3749 890 3810 ii
906 3769 1010 3810 uuum
1027 3749 1146 3811 Metam
1161 3749 1276 3813 secutur
1289 3742 1325 3805 ed

307 3846 452 3916 Soiinua,
479 3849 551 3927 quia
568 3847 619 3908 ille
636 3847 718 3920 nihil
734 3849 773 3910 de
791 3849 866 3932 iupo
882 3849 996 3923 refert,
1021 3851 1171 3914 addidisse
1187 3852 1236 3911 iric
1249 3845 1323 3910 ride·

303 3959 358 4006 tur
378 3967 416 4009 ex
432 3943 590 4010 notiffima
610 3946 730 4020 fabula,
761 3951 969 4034 qtaalaycaon
984 3949 1020 4014 iu
1042 3952 1158 4036 lupum
1172 3944 1323 4014 corruerint

301 4045 363 4112 effe
384 4049 517 4111 traditur
530 4051 614 4134 apud
630 4051 728 4117 Ovid.
746 4051 883 4121 Metam.
904 4075 933 4129 r,
952 4068 1037 4138 257.
1088 4055 1211 4120 Plinius
1230 4059 1322 4116 contu
