2696 4896
260 401 322 464 ²74
528 383 691 444 nom
730 384 1031 444 excommun
1105 471 1109 478 ι

258 573 367 623 autem
398 556 511 640 Nepos
535 559 645 622 erdem
669 557 734 644 ipsa
761 573 904 645 tempora
930 559 1071 632 servam,
1105 561 1226 644 quibus
1259 580 1315 624 rer

259 662 390 731 accidit.
425 660 598 722 Raetorum
626 659 648 724 s.
673 663 829 724 Boiorum
862 683 970 746 regem
1004 665 1132 747 proprie
1158 666 1314 732 vucavit,

260 765 360 846 quasin
376 760 439 823 suit
455 779 527 824 ante
545 762 616 823 sulii
634 763 771 827 Caesarie
786 763 1052 846 proconsulatum.
1078 764 1178 827 Boios
1192 781 1312 832 aurem

259 867 399 948 primum
410 864 603 941 Hercyniam
617 864 726 926 filvam
745 863 892 937 tenuisse.
917 867 1059 930 adfirmet
1073 867 1154 948 apud
1173 867 1313 929 Strabo-

238 979 336 1028 'nem
356 981 389 1041 7.
403 987 435 1047 p.
447 980 531 1042 203.
549 963 569 1028 s.
588 981 674 1046 293.
691 967 891 1029 Posrdoniue.
927 967 1014 1030 Silva
1029 981 1136 1030 autem
1153 969 1206 1030 ille
1226 988 1308 1029 cum

261 1068 300 1130 ad
333 1067 502 1128 Helvetios
527 1085 626 1148 usque
649 1081 680 1128 et
706 1068 814 1130 Rheni
845 1068 1048 1151 Danubiique
1073 1069 1179 1130 somer
1206 1071 1310 1150 perti·

261 1170 379 1240 nuent.
403 1169 491 1247 (rid.
508 1169 546 1230 ad
565 1183 596 1248 3.
615 1183 647 1248 5,
666 1173 721 1248 3.)
746 1167 835 1230 facile
857 1171 973 1232 horum
992 1189 1064 1240 rex.
1090 1171 1234 1253 quisquis
1253 1171 1311 1232 isle

261 1267 375 1341 suerit,
401 1271 489 1332 dono
504 1271 602 1332 Indue
617 1289 673 1332 eos
689 1271 821 1332 Metello
838 1270 952 1333 dedisse
974 1273 1084 1354 potest.
1122 1273 1310 1334 Ariovistur

261 1384 381 1442 tamen,
408 1373 550 1452 quiante
566 1369 728 1434 Caesarem
742 1373 894 1435 Rhenum
911 1374 1112 1458 transgressus
1127 1388 1205 1444 erat,
1230 1394 1310 1435 cum

261 1473 382 1534 bellum
397 1474 524 1543 Aeduis,
551 1474 660 1535 amicis
679 1475 790 1555 populi
807 1475 956 1546 Romani,
981 1475 1140 1546 intulisset,
1168 1473 1309 1537 iubente

262 1573 372 1638 senatu
389 1575 548 1644 Romano.
565 1575 603 1636 ab
616 1576 735 1636 Aeduis
746 1575 871 1646 destitit,
894 1575 1105 1657 obtinuitque,
1128 1590 1172 1646 ut,
1199 1575 1311 1636 suffra·

263 1691 362 1761 gaure
377 1675 444 1758 ipso
462 1675 589 1738 Caesare
603 1675 742 1747 consule,
766 1679 886 1739 amicue
909 1679 1020 1760 populi
1037 1679 1174 1738 Romani
1192 1689 1226 1737 et
1249 1696 1309 1738 rex

263 1778 490 1860 adpellarerur,
516 1778 633 1858 dequo
651 1779 782 1858 Appian.
800 1779 833 1838 in
851 1777 978 1840 Gallicis
998 1779 1053 1841 16.
1081 1781 1144 1839 Diu
1161 1790 1221 1854 38.
1244 1787 1309 1860 54.

263 1893 296 1943 et
311 1878 375 1960 ipse
384 1878 493 1943 Caesar
513 1898 541 1948 r,
561 1893 618 1958 53.
635 1893 667 1939 er
682 1889 742 1956 43.
778 1879 875 1961 Quod
891 1875 1008 1940 sactum
1025 1879 1067 1942 est
1082 1900 1109 1941 9.
1127 1878 1212 1958 695.
1228 1899 1311 1940 cum

263 2001 292 2047 ι.
319 1979 403 2061 699.
431 1981 584 2042 Metellus
611 1979 728 2040 Galliae
761 1980 835 2042 esset
867 1979 1046 2062 proconsul.
1099 1981 1171 2042 Hoc
1195 2001 1311 2042 unum

263 2085 406 2144 maxime
444 2094 598 2152 moratur,
633 2083 720 2161 quod
745 2081 820 2142 Boii
853 2101 926 2142 cum
956 2081 1114 2144 Ariovisto
1140 2101 1310 2163 nusquam

265 2194 577 2252 commemorantur,
611 2184 714 2244 immo
747 2182 813 2264 posi
844 2183 992 2255 demum,
1025 2204 1100 2244 cum
1128 2184 1312 2246 Ariovistus

265 2287 330 2346 iam
350 2286 384 2344 in
401 2284 500 2345 Gallia
517 2280 717 2355 consedisset,
743 2285 791 2345 illi
808 2283 971 2354 Rhenum,
1004 2285 1170 2346 Helvetios
1192 2283 1308 2356 secuti,

264 2381 444 2470 transgressi
458 2383 529 2447 suut
542 2385 587 2456 s...
600 2383 714 2447 Pisone
735 2400 767 2447 et
792 2388 827 2448 A.
846 2385 982 2449 Gabinio
1003 2376 1090 2448 CSS.
1110 2387 1132 2448 i.
1147 2407 1176 2448 e.
1194 2406 1247 2448 an.
1265 2388 1309 2448 U.

268 2489 353 2568 696.
379 2488 428 2570 uti
448 2485 512 2568 ipse
528 2485 655 2548 testetur
675 2501 753 2549 tuuc
769 2485 936 2570 proconsul
954 2487 1070 2548 Galliae
1087 2486 1196 2549 Caesar
1218 2509 1247 2558 1,
1271 2485 1307 2552 6.

266 2603 347 2652 extr.
372 2587 830 2660 e1,Helvetiieredeuntibun.
857 2602 1007 2649 manente
1024 2588 1198 2658 Ariovisto,
1225 2608 1309 2649 cum

266 2691 385 2752 Aeduis
408 2690 441 2750 in
466 2709 573 2772 parem
597 2689 674 2751 iuria
698 2704 731 2750 et
756 2689 908 2752 libertatis
930 2691 1150 2751 conditionem
1170 2690 1308 2770 recepti,

265 2792 441 2873 impetratis
468 2794 569 2874 agric,
588 2790 797 2868 coaluerunt.
831 2789 943 2878 (Idem
970 2812 998 2862 ι,
1018 2786 1102 2876 98.)
1163 2788 1311 2852 Obscura

263 2894 362 2978 igitur
384 2893 462 2955 haec
482 2890 553 2953 sunt
572 2903 604 2954 et
626 2893 756 2956 incerta.

340 3098 384 3158 vi
401 3093 478 3176 -)
529 3095 582 3155 Sic
605 3093 751 3156 Frontin.
773 3114 801 3164 r,
822 3112 853 3166 ι,
870 3110 904 3158 9.
927 3090 987 3185 nisc
1008 3097 1044 3157 vi
1064 3091 1263 3188 tempestatis
1286 3116 1313 3158 a

266 3189 359 3289 cursu
379 3187 559 3282 praecursare
578 3197 673 3256 navis
694 3193 861 3259 abductus.

342 3421 445 3462 emen
447 3389 477 3489 s
477 3417 597 3479 osque
605 3395 625 3478 )
671 3397 807 3458 Emecirr'
827 3395 969 3466 cursum,
993 3397 1053 3460 iter
1073 3410 1105 3458 et
1126 3397 1183 3458 asia
1203 3397 1310 3458 multa

267 3502 377 3564 similia
393 3501 600 3584 conlegerunt
614 3499 794 3560 Tennuliue
813 3499 851 3558 ad
872 3499 1017 3562 Frontin.
1038 3519 1067 3568 1.
1084 3508 1119 3576 4,
1138 3512 1170 3576 5.
1189 3510 1222 3560 et
1238 3498 1310 3562 Ou·

267 3603 423 3685 dendorp.
443 3603 480 3664 ad
497 3615 530 3680 3,
550 3615 581 3671 1,
597 3614 632 3662 9.
654 3619 694 3662 ex
712 3599 849 3671 Iustino,
877 3599 1006 3672 Curtio,
1030 3601 1159 3662 Seneca.

347 3796 507 3894 exisse)
556 3803 684 3866 Tullius
702 3820 829 3884 quoque
846 3798 945 3864 vesbo
961 3802 1045 3862 exire
1065 3801 1167 3861 utitur
1187 3819 1247 3882 pro
1265 3801 1306 3862 de

268 3907 343 3968 navi
364 3905 561 3971 descendere.
589 3906 662 3970 Vid.
677 3905 853 3968 Victoriam
868 3903 970 3988 castig.
985 3904 1018 3964 in
1035 3901 1137 3967 Cicer.
1154 3923 1226 3988 pag.
1244 3917 1305 3981 95.

269 4024 482 4072 9109909199.
