2724 4904
328 390 409 488 ‘9⁸‘
597 401 759 462 uotae
800 403 1102 462 attentiora

326 579 452 650 Oritaa,
485 575 540 660 qni
560 575 600 639 ad
615 575 712 640 Arbin
729 575 764 642 ss.
787 579 822 640 in
844 577 1030 643 Carmaniae
1049 577 1223 663 posterioris
1240 582 1332 666 augutu

324 679 525 749 habitabant,
556 672 648 753 ἔθνος
673 668 858 770 αὐτόνομον
880 695 975 744 vocat
994 681 1027 745 h.
1049 702 1083 744 v.
1104 681 1285 764 Stephanus,
1305 703 1334 747 au

326 781 486 845 Strabone
500 795 580 864 puto
597 780 653 843 iib.
676 793 730 858 15.
747 804 779 866 p.
794 791 880 862 495.
897 780 918 844 i.
937 799 1020 860 720.
1048 781 1237 848 Parthorum
1250 787 1334 868 regaie

324 881 472 946 adscribit
492 882 615 944 Plinius
632 882 664 952 6,
684 897 742 958 27.
763 882 785 947 s.
804 885 967 969 23.·coul.
985 903 1053 968 cap.
1070 901 1138 964 29..
1153 883 1174 949 i.
1189 896 1243 962 25.
1256 897 1284 947 et
1299 877 1335 946 iti

323 985 504 1048 Harduino.
543 984 727 1045 vinariam
745 985 846 1049 Solin.
864 1005 891 1049 e.
910 985 1004 1064 58.i.
1023 999 1084 1064 55.
1121 986 1236 1050 Contra
1249 987 1335 1058 Persa,

322 1088 381 1169 qui
402 1099 532 1148 ertone
554 1103 644 1169 reget
666 1083 793 1150 Parthie
814 1085 972 1152 tuureeroa
992 1087 1192 1160 habuerunt,
1222 1088 1335 1166 dat-Sai-

322 1186 657 1250 ma[.adSolin.e.1.
682 1208 715 1270 p.
734 1208 778 1249 m.
795 1197 880 1271 843.
932 1188 1028 1252 Certe
1051 1189 1190 1252 tuturos
1211 1188 1336 1251 Charace·

321 1311 384 1352 nuo
406 1290 440 1350 in
463 1287 656 1352 Parthorum
673 1290 798 1352 ditione
815 1292 940 1374 ignorat
958 1290 1170 1354 Carmaniam.
1220 1289 1258 1352 H.
1276 1291 1334 1351 Ker-

322 1413 411 1454 murr.
448 1388 577 1454 Vitium
590 1381 813 1480 frumentique
828 1389 967 1454 feracem
981 1391 1041 1454 effe
1064 1390 1243 1475 ardoresque
1255 1393 1334 1468 porri·

314 1483 412 1584 feras
434 1493 517 1553 alere
540 1504 662 1575 praeter
686 1493 771 1553 olcus
788 1508 893 1555 narrat
908 1493 1072 1557 Nearchus
1090 1513 1122 1575 p.
1139 1509 1197 1558 22.
1218 1491 1333 1572 (Haut.)

321 1592 501 1664 Consentit,
526 1595 580 1656 vel
599 1595 715 1676 repetrt
730 1593 844 1656 Strabo
865 1605 918 1672 ¹5·
939 1616 971 1677 p.
986 1605 1074 1678 499.
1092 1593 1113 1657 i.
1134 1596 1215 1670 726.
1236 1606 1266 1655 et
1287 1592 1335 1657 tt-

318 1697 394 1758 niue
410 1697 443 1767 6,
468 1709 527 1770 27.
547 1694 568 1758 i,
587 1709 645 1772 23.
684 1697 711 1758 t
736 1695 857 1758 vitibua
879 1709 1001 1758 nornen
1026 1695 1148 1758 duxiffe
1169 1695 1332 1758 Boehartum

320 1795 410 1880 hipra
433 1799 552 1860 notavi.
607 1798 690 1859 Aliae
711 1801 808 1858 etiam
824 1797 1068 1861 Carmaniorom
1086 1816 1163 1879 oper
1178 1797 1274 1858 laudat
1286 1796 1334 1856 Pli-

318 1900 407 1970 niue,
428 1900 533 1962 veluti
552 1897 677 1979 lapides
698 1888 865 1990 pretiosos,
890 1901 970 1978 (36,
986 1917 1040 1962 ro.
1055 1897 1076 1960 i.
1091 1911 1125 1976 8.
1154 1913 1210 1979 37,
1222 1911 1273 1977 33.
1283 1893 1299 1958 i.
1308 1907 1333 1974 8.

318 2010 383 2080 47.
402 2015 437 2062 et
459 2011 519 2080 48.
543 1999 564 2063 i.
582 2003 640 2079 9.)
674 2001 813 2071 minium,
839 1999 918 2085 (33,
936 2009 997 2077 49.
1018 1997 1039 2063 i.
1056 1998 1115 2084 7.)
1140 1997 1258 2061 arbores
1275 1997 1333 2058 turi·

311 2093 421 2196 feras,
446 2105 519 2180 (12,
539 2115 597 2181 3ι.
617 2100 639 2163 f.
663 2105 733 2183 14.)
758 2101 924 2170 lucianum.
948 2101 1022 2185 (12,
1039 2115 1100 2181 37.
1118 2099 1140 2165 f.
1161 2097 1229 2184 17.)
1262 2097 1333 2160 cue

317 2221 391 2264 mm
418 2221 436 2264 a
459 2203 627 2266 Carmania
653 2203 787 2265 adluens
815 2221 901 2265 mare
928 2201 1139 2265 Carmaniam
1161 2202 1274 2263 dietum
1293 2197 1332 2268 ei.

317 2307 557 2367 conterminum
571 2304 683 2366 Indico
699 2317 731 2367 et
745 2304 855 2366 rubro.
880 2300 1096 2393 [Agathemer.
1110 2321 1141 2376 2,
1156 2295 1223 2388 ιι.]
1255 2301 1331 2361 Deni-

317 2418 499 2488 querutum
517 2407 605 2466 hunc
627 2406 733 2468 locoru
755 2407 861 2468 reddit
876 2406 990 2468 iisdem
1007 2425 1110 2486 paene
1125 2403 1230 2468 verbio
1242 2401 1334 2462 Bocu-

316 2509 436 2570 tiuade
452 2509 592 2570 maribus
610 2505 630 2569 s.
650 2527 682 2570 v.
700 2502 843 2597 Persaeus
880 2529 963 2568 tuus.
1004 2507 1100 2568 Oram
1120 2503 1292 2571 Carmaniae
1308 2513 1332 2560 et

318 2608 486 2670 Gedrosiae
512 2627 616 2690 nuper
641 2605 793 2692 (1797.)
819 2609 946 2694 egregie
976 2606 1124 2694 exposuit
1156 2599 1330 2672 Viaeentad

316 2709 457 2772 Nearchi
472 2711 645 2794 paraplurrr.
669 2709 807 2796 (hugi.)

390 2912 524 3006 veste)
574 2914 665 2998 Quae
681 2913 832 2998 deinceps
848 2911 1031 2996 sequuntur,
1056 2911 1229 2982 Nearchus,
1252 2903 1330 2970 Arria·

314 3036 388 3086 uua,
412 3015 543 3078 Curtiue
562 3015 601 3075 de
618 3015 717 3078 Oritia
731 3030 764 3080 et
780 3015 1027 3100 ichthyophagia
1043 3028 1178 3084 narrant,
1205 3011 1254 3093 qui
1269 3007 1330 3066 ultra

315 3117 504 3181 Carmanioe
530 3116 713 3179 habitarunt
735 3115 816 3186 fere,
851 3115 960 3178 Oritae
987 3117 1019 3176 in
1044 3117 1173 3198 primia,
1203 3113 1223 3172 fi
1245 3108 1329 3170 Melae

315 3233 460 3302 tempora
482 3217 609 3300 spectet.
661 3217 786 3282 Plinius
805 3219 837 3287 6,
862 3229 920 3294 28.
936 3216 957 3280 s.
975 3227 1031 3298 94.
1060 3216 1205 3278 Nearcho
1219 3225 1249 3276 et
1264 3205 1329 3270 Meli

315 3322 536 3404 conglutinate
563 3341 580 3380 a
604 3320 737 3380 flumine
764 3318 855 3389 Arbi,
894 3319 979 3380 unde
1012 3317 1120 3380 Oritae
1147 3309 1328 3396 incipiebant·

314 3423 401 3504 quod
427 3420 490 3503 ipse
515 3420 599 3484 Pliu.
618 3435 651 3495 7,
673 3437 705 3482 2.
726 3419 838 3491 refert,
870 3423 1129 3502 promontorium
1156 3415 1254 3500 ipsum
1272 3409 1328 3472 Cat·

230 3541 233 3546 ·
314 3523 439 3586 maniae
463 3521 501 3582 ob
527 3521 713 3583 hominihua
739 3517 907 3582 inhabitari
932 3519 1064 3602 ioripfit,
1103 3533 1225 3602 praeter
1247 3510 1327 3593 capiti

313 3637 385 3686 toto
404 3643 535 3704 corpore
558 3621 668 3694 hirtis,
699 3623 855 3703 coriisque
881 3619 1013 3705 piscium
1036 3621 1172 3692 vestitis,
1206 3633 1265 3700 quo
1285 3625 1326 3671 11⁰·

313 3728 403 3788 mirre
426 3725 668 3806 reprehenditur
688 3743 704 3785 a
727 3723 873 3785 Salmufio
897 3723 936 3782 nd
959 3723 1059 3786 Solia.
1082 3741 1150 3804 eap.
1170 3725 1227 3799 50.
1248 3713 1266 3775 s.
1282 3721 1325 3789 57·

312 3847 347 3910 p.
371 3847 415 3888 m.
440 3837 525 3905 839.
558 3826 613 3888 etti
644 3839 765 3887 temere
790 3824 972 3886 Harduinua
1001 3821 1160 3884 diversum
1182 3823 1261 3880 huuc
1281 3807 1326 3872 effe

315 3927 451 3988 flurium
470 3917 550 3989 reiit
570 3928 608 3988 ab
630 3946 688 3997 eo,
719 3927 773 4007 qui
791 3925 958 3986 Gedrohoa
980 3925 1101 3995 adluat,
1128 3939 1160 3985 et
1175 3924 1255 3982 iuxta
1269 3913 1327 3976 Cor·

314 4028 444 4089 maniae
465 4031 726 4110 promontorium
749 4025 891 4090 effluere.
942 4026 1048 4088 Oritas
1071 4038 1176 4086 tamen
1200 4017 1326 4092 ichthyo-

314 4127 437 4215 phagos
463 4129 632 4215 coniungit
660 4128 747 4194 Plin.
768 4130 803 4201 6,
824 4139 882 4206 25.
903 4123 924 4190 s.
944 4141 1004 4208 23.
1040 4141 1073 4188 et
1098 4127 1166 4209 post
1186 4141 1239 4187 eoa
1255 4112 1328 4203 pouit
