2746 4894
271 397 336 480 ιιι
542 398 702 464 nom
739 397 1045 458 exeeerreee

273 571 452 638 eidemin
473 575 539 640 ιἰιιι
556 575 593 638 de
614 573 769 658 serpente,
794 575 850 657 qui
870 568 1042 658 praecedit.
1092 573 1136 634 Et
1155 570 1195 633 fic
1211 561 1313 662 ferus

273 677 359 762 apud
373 691 531 750 auctores,
555 677 595 740 de
616 676 727 748 leone,
753 695 847 760 apro,
873 695 987 748 cervo,
1012 693 1096 756 equo
1126 709 1171 722 -
1206 676 1313 737 cuiue-

272 779 365 842 modi
385 781 526 863 exempla
548 779 583 840 in
608 779 732 842 Lexicie
754 781 967 862 reperiuntur.
1010 768 1178 872 Infestane
1199 789 1312 840 eutem

273 879 310 942 in
324 880 386 944 hoe
403 901 490 944 nexu
507 893 537 944 et
554 878 612 942 usu
630 879 769 944 solemne
786 881 830 944 est
849 879 977 944 Nostro.

350 1082 709 1170 Himantopodes)
757 1087 785 1150 1.
799 1103 829 1149 e.
846 1083 1010 1166 loripedes.
1029 1085 1078 1146 uti
1092 1081 1235 1166 adpofito
1254 1083 1312 1145 La-

276 1183 347 1248 tino
359 1185 460 1251 verbo
474 1191 701 1270 interpretatur
712 1189 797 1252 Plin.
814 1201 846 1266 5,
863 1201 896 1265 8.
913 1185 935 1248 f.
960 1186 1046 1248 Hine
1061 1185 1310 1248 etiemeNostro

275 1287 393 1352 meliue
408 1289 552 1374 expicati
569 1289 708 1353 debniffe
723 1291 817 1352 loreia
831 1288 969 1373 pedibue
982 1301 1072 1370 purat
1086 1309 1142 1369 pro
1160 1288 1255 1348 tenen
1271 1305 1312 1348 ex

276 1391 368 1452 vecie
390 1403 497 1472 etyno
514 1391 643 1455 Coelius
662 1391 841 1476 Rhodigin.
864 1391 896 1452 in
917 1392 1002 1452 lectt.
1023 1391 1144 1470 antiqu.
1163 1403 1223 1466 23,
1248 1403 1309 1450 nn.

275 1491 423 1556 Aliorum
444 1494 509 1554 :oce
532 1506 564 1555 et
585 1493 763 1557 testimonia
791 1495 853 1555 iam
873 1493 973 1554 adlata
997 1490 1067 1551 sunt
1089 1492 1121 1551 in
1142 1505 1212 1552 not.
1236 1491 1311 1552 crit.

276 1613 309 1677 p-
328 1595 412 1674 366.
450 1591 572 1658 Voffiue
590 1610 697 1658 autem
721 1593 861 1666 eausam,
887 1613 943 1656 cur
964 1593 1157 1674 Aethiopum
1176 1593 1312 1672 quidam

276 1695 436 1779 loripedes
449 1694 576 1768 fuerint,
602 1697 683 1760 hanc
702 1697 865 1768 existimer,
889 1695 977 1779 quod
994 1695 1053 1756 illie
1077 1713 1217 1778 genuum
1235 1709 1313 1752 con·

279 1797 357 1860 chae
373 1811 619 1882 amputarentur,
645 1813 680 1863 et
695 1799 827 1862 adducit
843 1801 952 1860 locum
969 1816 1008 1860 ex
1026 1796 1167 1880 Origene
1185 1795 1219 1854 in
1233 1793 1313 1854 Phi-

276 1896 389 1962 loeelie
409 1919 472 1982 (ep.
493 1915 552 1964 en.
572 1891 639 1964 Καὶ
664 1896 762 1966 πάλιν
781 1901 848 1964 τῶν
871 1895 904 1964 δέ
924 1919 1017 1963 τινων
1038 1896 1104 1960 τῶν
1121 1891 1151 1960 ἐν
1168 1893 1313 1979 Αἰθίοψι

276 1997 349 2077 τοῖς
370 1995 403 2063 δὲ
421 1997 479 2078 τοῖς
496 1996 629 2088 κόγχας
643 2003 711 2067 rene
731 1999 879 2088 γονάτων
899 1996 1142 2092 περιαιρεῖσθαι.
1182 1999 1312 2077 Exque

277 2115 364 2165 recte
386 2103 498 2166 inflexa
517 2125 605 2167 crura
626 2106 841 2190 adpellentur‚
874 2105 949 2185 quie
971 2103 1012 2165 fic
1034 2099 1200 2162 neeeffario
1224 2111 1313 2162 retro

278 2203 510 2304 incurventun‘
541 2209 629 2289 quod
655 2223 689 2270 et
712 2209 752 2272 de
779 2204 979 2298 scritefinnis
1001 2201 1138 2265 referant
1167 2201 1312 2283 qnidam,

277 2309 547 2390 quamquame1ie
570 2311 610 2372 de
634 2308 737 2380 cause,
770 2329 843 2371 cum
872 2309 934 2371 illie
959 2306 1091 2390 patellae
1116 2323 1182 2365 non
1211 2303 1315 2363 ablint

278 2421 467 2492 amputatae.
520 2409 639 2474 Merito
665 2425 773 2474 eutem
799 2410 928 2474 tandem
953 2408 993 2470 ed
1024 2404 1151 2468 fabellae
1179 2406 1313 2488 relegat.

278 2509 377 2593 Apud
401 2511 540 2574 Plinium
559 2527 591 2587 7.
614 2527 647 2575 Ω.
674 2527 804 2575 auctore
835 2512 967 2594 quidem
997 2505 1138 2570 fabuloso
1163 2507 1219 2567 illo
1245 2504 1317 2567 Me·

279 2610 424 2695 gesshene
439 2632 517 2696 gene
530 2613 614 2676 inter
630 2615 728 2677 Indos
743 2614 904 2675 Nomadas
917 2610 1067 2681 refertur,
1089 2628 1169 2690 quae
1185 2609 1315 2668 narium

280 2709 353 2774 loco
377 2725 500 2775 tamum
521 2711 677 2778 foramine
700 2715 814 2780 habeat
834 2713 895 2800 (cf.
913 2712 1001 2796 supra
1020 2725 1052 2791 3.
1077 2729 1111 2789 9,
1129 2706 1187 2792 4.)
1208 2724 1241 2772 et
1261 2727 1315 2768 an·

278 2813 393 2900 guium
406 2817 510 2880 modo
534 2815 648 2896 loripes
667 2818 721 2890 fit,
753 2837 831 2901 quoe
854 2817 996 2897 Scyritas
1016 2813 1122 2875 vocari
1144 2813 1197 2872 ait.
1250 2811 1315 2872 Sal·

209 2941 220 2950 ·
279 2915 429 2989 mefium,
454 2919 489 2980 in
505 2919 608 2982 Solin.
628 2940 660 3000 p.
676 2939 720 2983 m.
738 2929 824 2999 295.
849 2919 905 3000 qui
928 2917 999 2977 vult
1019 2915 1133 2996 Syrtes
1156 2905 1226 2974 ἆπδ
1250 2908 1316 2973 τοῦ

145 3065 150 3082 .
280 3012 385 3106 σύρειν
406 3012 452 3082 τὼ
474 3013 572 3092 πόδε,
604 3019 721 3083 refutet
742 3023 781 3082 ad
803 3021 928 3082 Plinne.
951 3019 973 3080 Ι.
1000 3015 1193 3082 Harduinue,
1224 3013 1315 3092 quod

279 3119 437 3184 eGraece
462 3119 551 3184 fonte
574 3123 684 3184 Indica
709 3143 773 3185 vox
798 3121 880 3182 male
899 3120 1071 3180 derivetur.
1138 3117 1255 3184 Recte,
1293 3110 1317 3170 11

280 3219 426 3282 Indicam
439 3242 555 3286 vocem
577 3225 704 3306 repetiit
718 3224 854 3296 Plinius.
886 3239 946 3285 nee
969 3219 1120 3282 Graecam
1139 3213 1317 3301 Megasthe-

279 3321 330 3385 nie
352 3320 474 3388 [ecutue
495 3323 549 3388 est.

356 3519 577 3620 Pharusii)
627 3533 678 3592 De
700 3528 846 3612 scripture
868 3523 909 3590 cf.
932 3539 1001 3588 not.
1024 3523 1094 3586 erit.
1115 3520 1154 3582 ed
1175 3537 1205 3590 ι,
1223 3527 1260 3598 4,
1284 3531 1317 3599 5.

281 3641 315 3691 et
330 3628 363 3693 h.
378 3630 400 3693 l.
426 3631 564 3694 Ptolem.
579 3642 613 3712 4.
627 3630 661 3696 6.
678 3629 700 3696 f.
722 3627 991 3714 obponitjnsulae
1010 3625 1128 3689 Cernee
1142 3623 1175 3682 in
1191 3621 1318 3682 Maure·

282 3733 365 3793 tanin
381 3745 519 3794 extrema
535 3747 642 3795 eontra
659 3749 806 3796 montem
824 3733 998 3801 Atlantem,
1023 3729 1136 3807 inquo
1158 3720 1319 3784 consentit

283 3853 357 3898 cum
372 3835 510 3916 Polybio
525 3837 610 3920 apud
624 3837 707 3900 Plin.
725 3838 758 3907 6.
783 3837 840 3915 56.
860 3833 880 3896 s.
899 3847 957 3912 51.
1009 3829 1102 3912 Quae
1117 3845 1192 3886 curn
1209 3825 1320 3886 videa·

283 3947 336 3998 tur
358 3936 418 3998 effe
440 3937 609 4011 Μιιᾶσὶνιι,
633 3939 775 4000 Pherufii
799 3939 867 4000 loca
883 3934 1082 3998 habitarunt,
1108 3925 1164 3987 ubi
1181 3925 1214 3989 h.
1229 3943 1319 4007 repe·

282 4040 363 4102 ritur
388 4039 552 4105 Maroeeo.
602 4041 667 4106 Alii
700 4053 810 4104 eontra
843 4039 945 4099 smum
970 4031 1130 4098 Perfieum
1155 4025 1318 4092 adversam
