2746 4894
294 447 360 520 obl
566 437 728 498 noran
765 439 1068 501 axaorarrcaa
1172 435 1177 448 '

294 611 401 680 Solio.
421 625 480 696 37.
492 613 514 676 l.
527 623 587 692 4ο.
602 635 634 698 p.
648 633 693 681 m.
703 623 789 698 495.
813 636 853 677 ex
867 635 908 678 eo
923 613 1145 680 Hoffmanoua
1158 613 1193 679 in
1207 617 1318 682 Lexieo

294 719 329 780 b.
347 739 378 779 v.
404 717 531 778 Voffiua
552 716 592 775 ad
615 718 738 778 Melam
753 719 785 779 h.
802 720 823 784 l.
860 715 1013 791 Huctiua,
1035 719 1176 781 vatnam
1193 721 1321 794 secutur,

295 819 339 883 de
360 821 419 880 litu
439 815 575 902 paradisi
596 837 669 901 pag.
684 829 742 896 85.
777 821 985 882 Marshamua
1000 818 1036 882 in
1053 838 1181 884 canone
1198 845 1229 906 p.
1247 833 1317 902 184.

293 943 333 984 ea
350 917 496 1004 conlegit
513 934 545 980 et
561 917 738 1002 diligenter
753 923 887 983 excussat
903 925 926 984 l.
944 921 1134 985 Gronovius
1157 921 1191 984 in
1211 923 1317 987 exerci-

292 1021 420 1087 tatione
436 1021 527 1104 supra
542 1037 722 1084 artemorata
736 1023 780 1086 tle
795 1021 872 1084 solla
887 1043 926 1084 ex
941 1025 1118 1109 Euphrate.
1146 1023 1216 1088 Vid.
1233 1026 1317 1089 etiam

291 1121 467 1189 Reimarus
481 1123 522 1187 ad
537 1119 637 1184 Dion.
647 1126 707 1199 68,
724 1135 781 1200 aa.
791 1121 837 1186 in.
861 1121 918 1210 qui
934 1125 1130 1210 Pallacopae
1144 1125 1315 1190 obstructio·

290 1247 372 1290 rtem
390 1239 559 1296 tentatam,
589 1243 656 1286 non
675 1225 854 1308 perfectam
869 1227 931 1286 elle
948 1228 988 1288 ab
1005 1229 1096 1290 Alex.
1116 1227 1164 1290 M.
1188 1225 1265 1290 dicit
1285 1249 1317 1290 ex

292 1325 448 1398 arriano,
479 1345 543 1388 nec
565 1346 711 1410 unquam
733 1325 839 1410 postea
862 1329 1058 1410 perfectam,
1084 1347 1187 1414 quare
1202 1345 1233 1391 et
1253 1330 1316 1392 folla

290 1427 384 1514 regia
406 1429 469 1513 (de
485 1448 549 1513 qua
566 1425 681 1512 supra)
703 1428 810 1490 rursus
825 1427 1020 1512 navigabilia
1037 1430 1121 1493 facta
1136 1429 1249 1503 fuerit,
1271 1431 1317 1492 eth

292 1551 363 1594 non
384 1529 509 1613 [emper
530 1550 643 1612 parem
667 1550 771 1615 aquae
793 1527 925 1613 copiam
948 1529 1124 1615 acceperit.
1177 1529 1316 1598 Pluribus

291 1631 445 1696 Niebuhr
467 1629 687 1694 Reisebelchr.
709 1632 795 1693 nach
818 1629 960 1694 Arabien
977 1634 1045 1695 Vol.
1068 1652 1098 1694 a.
1122 1655 1156 1716 p.
1174 1649 1251 1710 223.
1270 1634 1317 1696 do·

216 1745 221 1756 ⁴
291 1755 368 1800 cere
384 1725 499 1804 studet,
526 1732 617 1816 supra
637 1747 670 1794 et
692 1729 776 1794 infra
799 1735 1002 1812 Babylonem
1024 1734 1232 1816 Pallacopam
1252 1757 1318 1798 cum

293 1837 462 1918 Euphrate
482 1832 575 1896 suille
598 1832 825 1906 coniunctum,
853 1834 911 1896 ubi
931 1837 963 1898 h.
982 1837 1019 1896 lit
1036 1830 1189 1927 Djjaern'
1208 1837 1316 1899 Zaode.

292 1937 503 2019 Pallacopam
525 1953 542 1995 a
565 1933 676 1998 Plinio
696 1933 835 2020 aliisque
849 1938 1052 2018 Euphratem
1073 1935 1203 1998 dictum
1224 1932 1316 1998 videri

291 2053 397 2123 putat.
436 2038 550 2098 Plures
566 2052 675 2098 autem
693 2031 772 2098 olim
788 2033 873 2098 alvei
894 2059 933 2098 ex
949 2057 989 2099 eo
1005 2037 1140 2102 deducti
1158 2054 1257 2110 erant,
1272 2039 1316 2098 vel

291 2141 428 2223 semper,
453 2141 507 2199 vel
523 2151 612 2199 certo
628 2135 677 2198 illi
695 2153 821 2199 tantum
836 2137 914 2201 anni
931 2154 1080 2223 tempore
1097 2137 1215 2223 aperti,
1240 2139 1317 2200 unde

291 2240 430 2302 vadosus
454 2237 547 2322 saepe
571 2254 604 2300 et
631 2236 748 2322 exigua
774 2261 856 2324 aqua
880 2242 1066 2326 Euphrates
1088 2241 1222 2304 fluebat
1255 2238 1315 2302 Viti.

289 2339 419 2406 ‘Arriam
437 2341 478 2402 de
495 2339 610 2424 exped.
627 2343 717 2404 Alex.
735 2357 768 2418 7,
786 2357 819 2419 7.

369 2567 447 2608 nnn
472 2541 697 2624 perdurat)
731 2540 860 2608 Plinius
877 2545 1043 2608 confluere
1059 2565 1115 2608 eos
1134 2561 1167 2610 et
1181 2541 1216 2608 in
1231 2543 1315 2608 Perb-

291 2663 370 2712 cum
388 2643 472 2707 elabi
489 2639 603 2714 tradit,
630 2641 745 2729 inqua
764 2644 921 2709 sententia
939 2645 1039 2708 etiam
1056 2647 1098 2709 est
1112 2649 1315 2710 Ptolemaeus.

289 2745 503 2812 Philostratus
516 2742 624 2827 primo
640 2742 724 2809 libro
747 2749 841 2831 [cap.
861 2765 916 2814 ao.
934 2745 969 2809 in
991 2747 1055 2810 vita
1073 2747 1262 2833 Apollonii]
1282 2749 1315 2808 de

290 2865 433 2933 utroque
450 2867 546 2909 amno
562 2848 704 2919 locutus,
728 2847 878 2921 flumina,
899 2848 1019 2934 inquit,
1046 2850 1104 2912 ubi
1123 2873 1207 2921 eam,
1230 2869 1315 2935 quam

292 2946 455 3020 diximus,
483 2945 685 3010 continentis
700 2968 827 3033 partem
850 2949 1053 3022 ambierunt,
1080 2951 1116 3012 in
1135 2951 1225 3014 idem
1240 2969 1315 3011 mare

289 3051 481 3114 decurrunt.
531 3051 632 3120 Sunt,
668 3047 725 3134 qui
753 3049 879 3122 dicant,
914 3049 950 3112 in
974 3053 1131 3136 paludem
1162 3052 1314 3138 quandam

288 3167 418 3236 partem
433 3146 610 3211 maximam
627 3151 803 3234 Euphratis
824 3150 944 3225 dilabi,
976 3151 1020 3216 ita
1035 3170 1072 3216 ut
1087 3154 1128 3216 ad
1147 3175 1237 3216 mare
1256 3169 1314 3214 non

290 3249 480 3338 perveniat,
508 3251 560 3312 led
583 3249 617 3312 in
636 3266 719 3314 terra
741 3254 848 3316 rursus
865 3253 912 3317 lui
931 3253 1032 3316 linem
1053 3252 1202 3338 recipiat.
1245 3253 1314 3336 Qui·

290 3355 384 3426 dam,
410 3349 565 3414 audacius
589 3353 631 3413 de
651 3373 690 3415 eo
708 3356 889 3440 loquentes,
914 3355 1078 3429 adferunt,
1104 3354 1221 3440 ipsum,
1246 3374 1313 3416 cum

290 3451 417 3518 diutius
435 3453 493 3516 sub
516 3469 599 3516 terra
621 3453 772 3527 fluxerit,
806 3456 914 3519 rursus
935 3455 970 3518 in
988 3459 1133 3542 Aegypto
1156 3457 1310 3541 adparere,

289 3573 323 3620 et
337 3554 414 3619 Nilo
432 3552 602 3638 compleri.
640 3557 730 3619 Haec
744 3555 968 3622 Philostratus.
1022 3557 1208 3642 Pomponio
1223 3560 1312 3620 Luca·

289 3679 353 3720 nuo
368 3655 501 3724 videtur
516 3654 682 3739 suflragari
699 3655 783 3720 libro
801 3656 897 3721 tertio
918 3659 964 3738 [v.
978 3671 1046 3737 257
1058 3660 1140 3745 sqq.]
1162 3681 1240 3746 qnos
1258 3675 1311 3718 non

291 3757 424 3850 dloerfis
436 3750 592 3850 fontibus
613 3759 679 3819 edit
699 3757 820 3849 Persas,
852 3773 885 3821 et
913 3764 1065 3822 incertum
1087 3760 1148 3854 ss,
1186 3761 1271 3822 tellus
1280 3751 1310 3848 Ji

290 3853 420 3953 misceat
433 3881 549 3929 amnes,
578 3859 674 3954 Quod
688 3857 855 3953 potiurfit
869 3881 978 3923 nomen
993 3864 1094 3946 aquia,
1114 3854 1176 3954 sed
1185 3849 1309 3953 sparsas

291 3961 324 4023 ln
346 3980 439 4042 agros
458 3961 584 4022 Fertt'lir
597 3962 780 4040 Euphrates
799 3963 937 4024 Phariae
955 3964 1026 4025 vice
1038 3954 1194 4052 fitugt'tur
1208 3960 1307 4023 aradae.

289 4067 336 4124 Aa
359 4063 475 4142 Tigrim
490 4051 599 4151 subito
621 4062 710 4123 tellus
733 4053 877 4156 absorbet
900 4065 991 4126 diota
1017 4063 1220 4146 Occultosque
1240 4059 1308 4140 regit

290 4154 399 4254 cursus
422 4154 589 4255 marsusque
610 4177 753 4226 renatum
771 4167 874 4228 Fonte
891 4185 974 4228 rtovo
988 4159 1112 4252 flumen
1135 4165 1239 4247 pelagi
1253 4177 1306 4222 non
