2674 4906
83 443 290 503 maome.
319 441 427 502 mat.
467 439 577 501 Lm.
620 445 738 508 nvn·
778 442 911 522 aas.
951 459 1011 526 ιω

63 607 259 709 ingessit)
306 617 454 681 Suavitae
485 615 649 710 ingeniple
678 617 942 682 comminiscendi
971 642 1012 686 ex

10 721 181 784 imilitudine
200 719 308 789 nocie,
335 736 415 799 qnae
434 719 521 781 aliud
541 720 624 801 apud
642 719 741 784 lndoe
757 722 898 792 notavit,
925 723 1014 788 aliud

10 821 68 907 pud
87 821 228 885 Graecoa.
262 837 332 882 rac.
348 837 549 884 ononovrva
564 819 641 883 MS.

122 1027 217 1104 95.
262 1021 446 1102 Indead
473 1019 666 1105 Gangen)
703 1025 987 1111 Deiievid.post.

58 1221 321 1306 Palibothri)
369 1227 420 1288 De
441 1224 589 1307 scriptura
613 1224 730 1289 inserto
752 1249 782 1287 m
804 1227 873 1310 post
893 1229 905 1289 i
923 1241 956 1291 et
976 1229 1014 1290 tir

10 1341 48 1412 pro
60 1337 72 1388 t
85 1326 147 1390 aid.
163 1342 233 1390 not.
249 1329 320 1388 orit.
335 1343 406 1410 pag.
424 1341 509 1406 232.
562 1325 742 1408 Stephanus
761 1331 897 1392 omnino
919 1329 1015 1391 hahet

10 1427 94 1489 arbem
108 1427 248 1489 lnrlicam
271 1426 368 1488 huiua
391 1426 549 1497 neminie,
583 1427 669 1490 unde
692 1424 806 1490 format
824 1425 1016 1518 llnittplipo·

10 1522 88 1614 raaia.
134 1527 333 1599 Palihothrl‚
356 1541 393 1588 ut
410 1527 538 1597 Noster.
563 1529 658 1590 etiam
681 1529 750 1598 alii,
775 1531 886 1593 eadem
902 1529 1015 1604 forma.

10 1647 54 1709 prr
65 1629 181 1701 Bactri,
201 1627 359 1693 Gandari.
386 1629 470 1712 Mela
486 1630 578 1714 ponit
592 1629 675 1691 inter
689 1631 810 1690 Indum
825 1645 858 1694 et
870 1633 1014 1716 Gangen,

10 1740 38 1790 at
52 1729 125 1792 Pliu.
141 1732 174 1800 6.
194 1745 255 1794 aa.
271 1727 293 1793 l.
312 1747 368 1809 19.
390 1748 429 1791 err
450 1749 550 1802 nexu,
575 1741 717 1792 ut'recte
739 1731 856 1792 iudicat
879 1733 1015 1794 Hardui·

11 1847 69 1900 nna,
91 1831 193 1912 quiin
210 1829 297 1913 sequ.
312 1850 369 1914 per
389 1831 519 1894 illorum
534 1831 699 1916 regionem
714 1831 877 1892 Iomanem
898 1831 1017 1909 (hodie

10 1927 163 1994 lllehomna
178 1930 199 1995 i.
214 1933 355 2010 Zemua)
378 1931 412 1993 in
427 1931 561 2017 Gangen
579 1950 702 1994 currere
719 1931 807 1994 dicit.
850 1933 913 1995 llic
930 1933 1018 1998 vide·

12 2043 50 2090 tur
62 2032 218 2095 llarduino
234 2032 296 2095 elle
316 2033 437 2096 Arriani
459 2034 494 2094 in
515 2035 586 2097 lnd.
602 2052 629 2097 c.
644 2040 679 2111 4.
698 2029 837 2103 Omnlis.
864 2033 919 2094 ubi
942 2033 1018 2120 legi·

15 2141 52 2192 tur
66 2123 112 2196 noi
124 2125 291 2224 Ὤμαλιν.
344 2133 515 2196 D’Anville
540 2150 617 2196 vero
637 2153 710 2218 pag.
728 2144 787 2213 54.
807 2136 961 2215 quoniam
982 2137 1018 2197 id

14 2229 103 2296 lilerte
121 2237 266 2298 adfirmet
286 2237 409 2300 Arrian.
429 2237 463 2296 ln
489 2235 591 2299 lndic.
617 2254 685 2316 cap.
707 2251 761 2297 to.
785 2233 1019 2298 Erannoboran

17 2329 61 2395 tile
77 2333 221 2400 exiilimat
243 2337 277 2399 h.
295 2335 415 2402 Jernni.
449 2334 520 2416 (Cf.
538 2336 688 2397 Mannert
711 2335 911 2420 Geographie
927 2337 967 2398 T.
984 2350 1018 2414 5.

14 2440 153 2517 91590.)
184 2437 389 2502 Ptolemaeus
405 2453 439 2511 7,
459 2458 487 2500 a.
505 2435 688 2500 Palibothra
704 2435 816 2498 urbem
833 2439 921 2498 iuxta
939 2437 1021 2499 Gan·

17 2549 63 2615 gtu
80 2551 108 2598 et
127 2557 181 2620 per
197 2558 365 2610 numme,
397 2553 431 2600 et
445 2540 532 2620 quod
553 2539 588 2600 iu
609 2536 700 2599 India
719 2538 801 2599 intra
817 2537 952 2623 Gangen
973 2558 1021 2602 re·

18 2632 107 2708 uolet,
122 2641 164 2700 cia
180 2659 257 2703 eum
273 2640 366 2703 locat.
394 2640 473 2703 lnde
483 2637 642 2702 d’Anville
658 2637 760 2702 heffa
775 2651 866 2721 putat
880 2637 1023 2702 Heluius

19 2727 185 2812 [libainai
210 2743 245 2802 in
261 2739 449 2822 quibuedam
466 2738 579 2803 iahulia
596 2741 685 2810 olim,
713 2752 751 2800 ut
771 2736 880 2811 fertur,
902 2741 1022 2802 dictam

20 2831 115 2918 Prope.
139 2842 170 2901 in
188 2860 255 2923 quo
271 2839 378 2931 Paesti
399 2841 495 2904 latere
516 2841 682 2910 videntur,
713 2838 876 2922 servatque
893 2841 1022 2926 vestigia

20 2937 194 3018 antiquitatia,
216 2963 250 3004 v.
268 2961 294 3004 c.
310 2943 495 3005 obeliscum.
533 2941 646 3024 Nuper
660 2941 841 3002 Palibothra
862 2939 1024 3003 constituit

20 3030 169 3104 liobettlon
191 3064 263 3127 pag.
283 3053 340 3121 55.
371 3043 427 3104 uhi
450 3042 637 3114 Allahabatl3
671 3041 807 3102 llennell
828 3043 862 3102 in
884 3041 1027 3104 Memoir

22 3147 96 3217 949
109 3138 164 3224 qu.
191 3145 250 3205 uhi
265 3145 375 3205 ruinae
393 3144 510 3206 exllant
532 3142 619 3204 urbia
634 3139 870 3222 Pateiput·irer
890 3141 925 3203 in
948 3141 1024 3204 vici·

23 3236 64 3294 nia
79 3241 155 3304 urbia
174 3244 347 3308 hodiernae
367 3245 479 3305 Potito
495 3247 529 3305 in
550 3245 680 3328 regione
693 3241 820 3313 Baiter,
847 3243 899 3303 cui
919 3240 1026 3304 adlen-

25 3327 84 3397 tltur
98 3341 240 3408 Mennert
261 3367 292 3428 p.
314 3365 394 3410 100.
411 3363 438 3406 c.
457 3345 478 3406 l.
505 3347 554 3405 uti
570 3341 754 3406 Proberiono
775 3339 946 3407 d'unvilte.
984 3341 1026 3404 ht

26 3436 126 3502 nullum
148 3445 200 3507 hic
221 3447 391 3532 vestigium
419 3447 525 3530 regiae
548 3447 619 3508 viae
640 3445 760 3524 exquiri
787 3443 903 3526 potell.
938 3443 1027 3506 cuiue

28 3543 150 3605 meminit
169 3547 282 3610 Strabo
303 3557 356 3624 15.
379 3568 410 3631 p.
426 3555 512 3626 474.
533 3543 554 3608 s.
573 3547 657 3625 689.
682 3545 768 3627 quod
791 3546 933 3606 adfirmat
954 3545 979 3606 F
982 3563 1030 3605 or·

29 3630 72 3695 ilar
87 3641 187 3724 (lleile
203 3649 285 3708 nach
301 3647 460 3732 Bengalen
484 3645 610 3728 1796.)
630 3666 701 3731 pag.
717 3663 799 3708 200.
848 3643 915 3728 lple
932 3647 1030 3729 igitur

29 3751 79 3796 aon
96 3745 205 3810 alienue
228 3751 356 3811 videtur
377 3767 394 3810 a
416 3747 575 3808 Rennellii
600 3745 762 3809 sententia.
808 3744 860 3808 cf.
882 3766 952 3829 pag.
970 3756 1029 3822 55.

30 3829 126 3904 Pniaoa
144 3851 270 3912 eoadem
297 3851 393 3910 etiam
416 3848 475 3910 elie
497 3862 586 3931 putat
609 3849 735 3909 Heeren
752 3847 791 3907 de
809 3847 1030 3916 Romanorum

32 3931 117 4004 ludiae
139 3951 247 4010 notitia
270 3967 341 4036 pag.
365 3949 425 4029 96.
460 3947 514 4031 (in
541 3960 762 4011 commentatt.
788 3981 835 3994 -·
863 3947 1031 4031 Goetting.

33 4029 152 4110 villar.
171 4050 207 4114 P.
229 4049 280 4134 r.)
329 4047 539 4112 Difficultatee
562 4063 668 4110 tamen
691 4048 768 4108 olim
790 4048 949 4110 movitde
971 4047 1033 4109 hoc
1132 4071 1137 4081 ·

35 4135 99 4202 uhla
111 4143 166 4208 litu
184 4153 227 4215 cie
244 4151 377 4236 Gangen
395 4148 520 4215 Salmas.
537 4153 576 4214 ad
591 4150 695 4214 Solio.
711 4168 743 4231 p.
762 4167 806 4212 m.
825 4149 909 4230 699.
948 4147 1033 4212 Cum

73 4251 151 4333 Pomp.
165 4263 252 4321 Malu.
276 4267 389 4342 Exeget.
407 4265 446 4321 L.
458 4265 510 4319 lit.
748 4249 778 4313 ll
