2746 4894
135 414 485 476 mauruntum.
527 415 563 476 1.
586 417 640 476 ur.
680 415 714 472 c.
739 417 815 478 vm·
858 417 884 488 i·
907 416 935 475 6·
999 433 1063 500 aaa

46 590 208 678 (Agatbem.
229 609 260 664 2,
278 587 333 674 6.)
370 589 483 656 Versus
499 588 600 651 finum
616 587 776 654 Persicum
792 591 974 674 adtingebat
990 595 1062 656 Are·

45 694 111 755 biam
126 691 285 760 desertam.
308 693 418 772 (idern
435 710 467 763 2,
490 695 567 768 ιι.)
606 693 653 753 lta
676 713 795 775 nempe
812 715 850 754 err
869 695 983 776 triplici
1002 716 1059 777 po·

44 795 183 858 lariorum
207 795 376 858 divisione.
429 795 532 879 Igitur
552 793 690 874 reliquae
710 797 790 857 duae
815 793 943 857 Arabiae
967 810 1057 858 erant

44 893 334 980 adleptemtrionem
351 897 442 967 sitae,
469 897 509 956 de
527 913 590 976 quo
611 895 677 958 vid.
694 895 871 958 Marcianus
885 898 917 956 in
935 899 1057 978 periplo

42 995 398 1080 pag.15.(ed.'Hudl.)
425 998 479 1079 qui
507 998 586 1058 linea
605 993 752 1058 describit
779 999 971 1068 accrtratine,
1009 999 1058 1060 uti

41 1095 219 1162 Ptolemaeus
237 1100 272 1168 6,
288 1113 321 1175 7.
353 1100 404 1160 De
422 1100 490 1160 aliie
503 1097 619 1181 pollea.
651 1097 760 1161 Hodie
776 1099 814 1159 ab
831 1099 984 1161 Arabibue
999 1120 1056 1164 vo·

42 1213 110 1260 ratur
125 1201 259 1270 lanan.
285 1200 339 1261 vel
363 1201 484 1269 Iemen,
511 1199 564 1260 vel
583 1199 708 1262 Yernen.
767 1199 855 1261 Olim
880 1198 1056 1264 secundum

40 1300 204 1363 Strabonem
227 1301 283 1364 16.
306 1321 337 1383 p.
355 1313 439 1380 558.
464 1299 483 1362 l.
504 1311 587 1377 782.
609 1301 737 1381 quidam
759 1299 904 1362 Arabiam
928 1299 1056 1364 felicem

42 1402 66 1462 iu
84 1416 101 1480 8
121 1423 230 1488 regna,
266 1402 318 1464 rel
340 1422 438 1488 pagoe
460 1397 675 1479 (βασιλείας)
697 1399 887 1470 diviserunt,
914 1421 1056 1482 qnorum

42 1521 107 1565 unua
121 1503 286 1566 bellatoree
300 1503 429 1574 babuit,
456 1505 534 1566 aliua
555 1503 723 1586 agricolae,
747 1504 857 1565 terrine
873 1505 1006 1565 artificee
1021 1517 1055 1565 et

41 1606 162 1685 opifices,
190 1618 321 1688 quartue
341 1606 503 1685 myrrham
530 1605 621 1675 tulit,
656 1605 787 1665 ultimus
811 1619 871 1666 tue.
924 1607 1053 1686 Regum

40 1718 110 1766 antea
125 1708 158 1768 lit
178 1707 319 1777 mentio,
346 1719 379 1768 et
400 1727 438 1768 ex
456 1706 602 1788 populis,
629 1707 684 1786 qui
701 1705 790 1789 snpra
809 1707 932 1786 Syriam
958 1707 1054 1787 primi

40 1823 92 1866 earu
111 1808 269 1879 incolunt,
296 1823 516 1869 memorantur
534 1807 683 1868 Nabataei
699 1820 732 1867 et
747 1807 869 1870 Sabaei.
920 1808 1054 1868 lllurum
1099 1859 1102 1866 .

40 1910 216 1991 metropolim
233 1911 314 1970 dum
334 1910 412 1970 dicit
428 1911 574 1978 Petram,
600 1909 693 1970 latine
710 1908 748 1968 lic
763 1910 891 1970 extendi
908 1908 1053 1969 Arabiam

38 2003 139 2070 felicem
167 2013 308 2094 adparet.
365 2010 515 2072 Nabataei
548 2011 633 2071 enim
662 2009 846 2070 habitabant
880 2011 916 2069 ad
950 2010 1054 2069 linrrru

38 2109 223 2173 Aelaniticum
242 2127 275 2174 et
292 2113 367 2173 iude
385 2111 527 2196 superine
544 2112 576 2170 in
595 2112 842 2180 mediterraneis,
869 2111 925 2170 ubi
943 2111 1054 2172 Arabia

39 2205 144 2274 Petraea
166 2215 235 2295 poli
259 2215 400 2294 ponitur.
446 2215 517 2274 Vid.
539 2215 673 2274 Diorlor.
698 2213 761 2275 Sic.
787 2229 819 2282 2,
842 2223 901 2289 48.
933 2225 966 2289 3.
990 2227 1052 2290 43.

39 2306 105 2373 Plio.
123 2327 153 2392 5,
172 2331 228 2378 12.
246 2314 266 2376 s.
291 2335 344 2378 rt.
374 2317 407 2384 6,
426 2329 482 2395 32.
501 2313 522 2376 l.
547 2326 601 2391 28.
630 2329 662 2375 et
683 2333 761 2394 qnae
783 2314 922 2396 conlegit
941 2315 1055 2374 llelan·

40 2410 126 2476 tuin
143 2415 315 2480 Palaellina
338 2437 366 2487 r,
388 2431 442 2492 17.
464 2437 496 2498 p.
514 2415 573 2478 66.
625 2415 778 2476 Ceterum
801 2415 905 2497 plures
922 2413 1052 2474 Arabiae

39 2509 117 2577 lelicie
137 2519 275 2601 populos
296 2515 433 2579 recenset
459 2517 661 2580 Ptolemaeus
681 2517 713 2584 6.
733 2531 765 2590 7.
787 2531 819 2578 et
837 2515 920 2579 Plin.
938 2517 971 2585 6.
991 2528 1051 2589 32.

39 2610 116 2694 [28.
137 2620 271 2701 aliique,
298 2618 352 2680 etsr
368 2639 479 2700 parum
502 2638 560 2678 nec
581 2619 613 2678 in
635 2617 821 2679 nominibus
837 2635 966 2686 eornm,
995 2635 1055 2676 nec

38 2714 129 2778 inlitu
148 2721 203 2782 libi
232 2720 385 2782 conilant.
443 2721 495 2782 De
518 2721 645 2779 illorum
667 2719 813 2782 moribne
835 2719 925 2800 plura
950 2715 1053 2778 adfert

38 2816 105 2880 idem
120 2823 151 2882 in
166 2820 380 2904 sequentibue,
405 2841 483 2902 quae
499 2822 550 2882 vel
567 2821 716 2890 reddidit,
743 2823 795 2882 vel
813 2821 940 2882 aliunde
963 2822 1051 2880 auxit

39 2915 140 2984 Caelina
163 2925 368 3008 Rhodiginut
390 2923 422 2982 in
444 2923 529 2985 lectt.
554 2922 690 3001 antiquie
713 2931 765 2998 ι8.
789 2931 846 3000 35.
900 2919 984 2979 Nota
1007 2919 1051 2980 est

37 3017 126 3084 inlelix
145 3026 226 3087 Aelii
250 3025 334 3085 Galli
359 3022 413 3084 lub
438 3023 578 3108 Augullo
599 3023 780 3103 expeditio,
814 3040 907 3104 quam
927 3022 1050 3102 prolixe

36 3121 126 3187 strabo
139 3124 286 3189 describit
298 3127 363 3204 to.
381 3147 414 3209 p.
430 3128 515 3204 536.
532 3122 553 3188 i.
569 3137 653 3202 780·

94 3327 290 3423 angusta)
337 3327 521 3392 Secundum
540 3325 689 3388 lllarcian.
708 3325 741 3386 in
757 3323 878 3406 periplo
900 3342 972 3406 pag.
993 3323 1051 3387 16.

37 3423 156 3507 (lludl'.)
179 3425 310 3496 πλάτος
332 3425 450 3492 στάδια
470 3439 579 3504 8850·
608 3424 767 3489 Latiffima
784 3426 835 3495 est,
854 3425 927 3487 telle
943 3426 1050 3487 Plinio

37 3524 62 3594 6.
81 3541 133 3606 32.
157 3529 177 3594 l.
201 3541 263 3608 28.
288 3551 305 3593 a
331 3531 558 3614 septemtrione
583 3530 667 3592 iuter
697 3529 814 3612 oppida
846 3527 991 3590 Heroum
1017 3540 1051 3590 et

35 3623 198 3696 Characem.

95 3833 297 3918 cinnami)
344 3835 436 3898 idern
461 3834 547 3916 quod
569 3834 818 3903 cinnamomum,
844 3831 932 3894 unde
954 3831 1051 3892 etiam

35 3927 159 3998 inlibris
179 3940 319 4000 variatur
340 3939 423 4019 apud
441 3938 542 4000 Solin.
560 3956 626 4018 cap.
644 3950 700 4010 30.
721 3932 741 3996 l.
760 3946 817 4012 53.
840 3945 972 3994 notante
987 3933 1052 3994 Sal·

34 4031 114 4096 matio
127 4058 158 4119 p.
175 4059 220 4102 m.
238 4049 320 4120 285.
372 4041 479 4100 Immo
496 4037 620 4098 Graecia
641 4035 743 4096 lolum
760 4036 906 4095 usitatum
929 4033 972 4094 ell
993 4054 1053 4096 aaa·

34 4126 182 4230 tdpupaa,
198 4141 285 4222 quod
302 4139 398 4204 etiam
413 4140 541 4225 adparet
554 4159 593 4202 ex
609 4139 689 4202 locie
705 4137 868 4220 parallelie,
885 4136 921 4200 iu
935 4135 1052 4218 quibua

646 4239 674 4300 Y
703 4255 721 4302 a
