<?xml version="1.0" encoding="UTF-8"?>
<!DOCTYPE html PUBLIC "-//W3C//DTD XHTML 1.0 Transitional//EN"
    "http://www.w3.org/TR/xhtml1/DTD/xhtml1-transitional.dtd">
<html xmlns="http://www.w3.org/1999/xhtml" xml:lang="en" lang="en">
 <head>
  <title>
</title>
<meta http-equiv="Content-Type" content="text/html;charset=utf-8" />
  <meta name='ocr-system' content='tesseract 3.04.00' />
  <meta name='ocr-capabilities' content='ocr_page ocr_carea ocr_par ocr_line ocrx_word'/>
</head>
<body>
  <div class='ocr_page' id='page_1' title='image "./pomponiimelaede03melagoog_0024.png"; bbox 0 0 2748 4888; ppageno 0'>
   <div class='ocr_carea' id='block_1_1' title="bbox 286 399 1064 476">
    <p class='ocr_par' dir='ltr' id='par_1_1' title="bbox 286 399 1064 476">
     <span class='ocr_line' id='line_1_1' title="bbox 286 399 1064 476; baseline -0.012 -11"><span class='ocrx_word' id='word_1_1' title='bbox 286 413 327 476; x_wconf 70' lang='grc' dir='ltr'><strong>ιδ</strong></span> <span class='ocrx_word' id='word_1_2' title='bbox 554 399 716 462; x_wconf 79' lang='lat' dir='ltr'><strong>NOTAE</strong></span> <span class='ocrx_word' id='word_1_3' title='bbox 757 399 1064 460; x_wconf 66' lang='lat' dir='ltr'><strong>excecatum</strong></span> 
     </span>
    </p>
   </div>
   <div class='ocr_carea' id='block_1_2' title="bbox 287 573 1358 766">
    <p class='ocr_par' dir='ltr' id='par_1_2' title="bbox 287 573 1358 766">
     <span class='ocr_line' id='line_1_2' title="bbox 290 573 1358 662; baseline -0.006 -18"><span class='ocrx_word' id='word_1_4' title='bbox 290 595 336 662; x_wconf 73' lang='lat' dir='ltr'><strong>go</strong></span> <span class='ocrx_word' id='word_1_5' title='bbox 356 578 405 642; x_wconf 88' lang='lat' dir='ltr'><strong>M.</strong></span> <span class='ocrx_word' id='word_1_6' title='bbox 423 577 461 640; x_wconf 90' lang='lat' dir='ltr'><strong>P.</strong></span> <span class='ocrx_word' id='word_1_7' title='bbox 488 573 544 638; x_wconf 87' lang='lat' dir='ltr'><strong>lec.</strong></span> <span class='ocrx_word' id='word_1_8' title='bbox 562 575 716 640; x_wconf 82' lang='lat' dir='ltr'><strong>Antonin.</strong></span> <span class='ocrx_word' id='word_1_9' title='bbox 732 575 767 638; x_wconf 85' lang='lat' dir='ltr'><strong>in</strong></span> <span class='ocrx_word' id='word_1_10' title='bbox 789 577 860 640; x_wconf 91' lang='lat' dir='ltr'><strong>itin.</strong></span> <span class='ocrx_word' id='word_1_11' title='bbox 875 595 947 662; x_wconf 79' lang='lat' dir='ltr'><strong>pag.</strong></span> <span class='ocrx_word' id='word_1_12' title='bbox 961 583 1049 655; x_wconf 80' lang='lat'><strong>452.</strong></span> <span class='ocrx_word' id='word_1_13' title='bbox 1073 573 1126 637; x_wconf 83' lang='lat' dir='ltr'><strong>vel</strong></span> <span class='ocrx_word' id='word_1_14' title='bbox 1146 574 1180 636; x_wconf 90' lang='lat' dir='ltr'><strong>in</strong></span> <span class='ocrx_word' id='word_1_15' title='bbox 1196 573 1358 639; x_wconf 84' lang='lat' dir='ltr'><strong>Onobae</strong></span> 
     </span>
     <span class='ocr_line' id='line_1_3' title="bbox 287 683 526 766; baseline -0.017 -20"><span class='ocrx_word' id='word_1_16' title='bbox 287 683 348 747; x_wconf 81' lang='lat' dir='ltr'><strong>lrtu</strong></span> <span class='ocrx_word' id='word_1_17' title='bbox 369 692 526 766; x_wconf 76' lang='lat' dir='ltr'><strong>peccatm.</strong></span> 
     </span>
    </p>
   </div>
   <div class='ocr_carea' id='block_1_3' title="bbox 455 869 1211 972">
    <p class='ocr_par' dir='ltr' id='par_1_3' title="bbox 455 869 1211 972">
     <span class='ocr_line' id='line_1_4' title="bbox 455 869 1211 972; baseline -0.007 -25"><span class='ocrx_word' id='word_1_18' title='bbox 455 883 486 960; x_wconf 84' lang='lat'><strong>§.</strong></span> <span class='ocrx_word' id='word_1_19' title='bbox 517 877 550 947; x_wconf 92' lang='grc'><strong>6.</strong></span> <span class='ocrx_word' id='word_1_20' title='bbox 603 869 858 972; x_wconf 80' lang='lat' dir='ltr'><strong>Lusitania)</strong></span> <span class='ocrx_word' id='word_1_21' title='bbox 901 880 1211 959; x_wconf 82' lang='lat' dir='ltr'><strong>Deeaad2,6,5.</strong></span> 
     </span>
    </p>
   </div>
   <div class='ocr_carea' id='block_1_4' title="bbox 291 1077 1352 1268">
    <p class='ocr_par' dir='ltr' id='par_1_4' title="bbox 291 1077 1352 1268">
     <span class='ocr_line' id='line_1_5' title="bbox 367 1077 1350 1166; baseline -0.002 -19"><span class='ocrx_word' id='word_1_22' title='bbox 367 1086 416 1147; x_wconf 88' lang='lat' dir='ltr'><strong>im</strong></span> <span class='ocrx_word' id='word_1_23' title='bbox 423 1095 519 1164; x_wconf 78' lang='lat' dir='ltr'><strong>patu</strong></span> <span class='ocrx_word' id='word_1_24' title='bbox 527 1081 546 1165; x_wconf 91' lang='lat'><em>)</em></span> <span class='ocrx_word' id='word_1_25' title='bbox 583 1083 610 1144; x_wconf 93' lang='lat'><strong>1.</strong></span> <span class='ocrx_word' id='word_1_26' title='bbox 627 1101 657 1146; x_wconf 84' lang='lat' dir='ltr'><strong>e.</strong></span> <span class='ocrx_word' id='word_1_27' title='bbox 676 1083 899 1164; x_wconf 88' lang='lat' dir='ltr'><strong>promontorio</strong></span> <span class='ocrx_word' id='word_1_28' title='bbox 922 1077 1104 1166; x_wconf 85' lang='lat' dir='ltr'><strong>longiffime</strong></span> <span class='ocrx_word' id='word_1_29' title='bbox 1125 1082 1350 1162; x_wconf 81' lang='lat' dir='ltr'><strong>procedente.</strong></span> 
     </span>
     <span class='ocr_line' id='line_1_6' title="bbox 291 1183 1352 1268; baseline -0.009 -16"><span class='ocrx_word' id='word_1_30' title='bbox 291 1187 421 1268; x_wconf 84' lang='lat' dir='ltr'>Proprie</span> <span class='ocrx_word' id='word_1_31' title='bbox 458 1186 605 1268; x_wconf 77' lang='lat' dir='ltr'><strong>regiones</strong></span> <span class='ocrx_word' id='word_1_32' title='bbox 647 1205 712 1245; x_wconf 91' lang='lat' dir='ltr'><strong>non</strong></span> <span class='ocrx_word' id='word_1_33' title='bbox 751 1183 879 1266; x_wconf 80' lang='lat' dir='ltr'><strong>possunt</strong></span> <span class='ocrx_word' id='word_1_34' title='bbox 915 1183 1030 1244; x_wconf 84' lang='lat' dir='ltr'><strong>habere</strong></span> <span class='ocrx_word' id='word_1_35' title='bbox 1071 1185 1253 1266; x_wconf 82' lang='lat' dir='ltr'><strong>impetum,</strong></span> <span class='ocrx_word' id='word_1_36' title='bbox 1310 1197 1352 1242; x_wconf 88' lang='lat' dir='ltr'><strong>ut</strong></span> 
     </span>
    </p>
   </div>
   <div class='ocr_carea' id='block_1_5' title="bbox 182 1285 1351 1358">
    <p class='ocr_par' dir='ltr' id='par_1_5' title="bbox 182 1285 1351 1358">
     <span class='ocr_line' id='line_1_7' title="bbox 182 1285 1351 1358; baseline -0.008 -5"><span class='ocrx_word' id='word_1_37' title='bbox 182 1349 186 1358; x_wconf 85' lang='grc'><strong>,</strong></span> <span class='ocrx_word' id='word_1_38' title='bbox 292 1290 401 1352; x_wconf 86' lang='lat' dir='ltr'><strong>omnia</strong></span> <span class='ocrx_word' id='word_1_39' title='bbox 424 1288 614 1358; x_wconf 85' lang='lat' dir='ltr'><strong>inanimata;</strong></span> <span class='ocrx_word' id='word_1_40' title='bbox 645 1285 792 1346; x_wconf 89' lang='lat' dir='ltr'><strong>tribuunt</strong></span> <span class='ocrx_word' id='word_1_41' title='bbox 816 1298 923 1346; x_wconf 87' lang='lat' dir='ltr'><strong>tamen</strong></span> <span class='ocrx_word' id='word_1_42' title='bbox 949 1287 1010 1347; x_wconf 84' lang='lat' dir='ltr'><strong>illia</strong></span> <span class='ocrx_word' id='word_1_43' title='bbox 1028 1285 1149 1354; x_wconf 87' lang='lat' dir='ltr'><strong>Latini,</strong></span> <span class='ocrx_word' id='word_1_44' title='bbox 1179 1295 1220 1343; x_wconf 86' lang='lat' dir='ltr'><strong>ut</strong></span> <span class='ocrx_word' id='word_1_45' title='bbox 1244 1297 1351 1346; x_wconf 87' lang='lat' dir='ltr'><strong>notet</strong></span> 
     </span>
    </p>
   </div>
   <div class='ocr_carea' id='block_1_6' title="bbox 293 1385 1349 1568">
    <p class='ocr_par' dir='ltr' id='par_1_6' title="bbox 293 1385 1349 1568">
     <span class='ocr_line' id='line_1_8' title="bbox 293 1385 1349 1474; baseline -0.005 -23"><span class='ocrx_word' id='word_1_46' title='bbox 293 1409 439 1474; x_wconf 84' lang='lat' dir='ltr'><strong>magnam</strong></span> <span class='ocrx_word' id='word_1_47' title='bbox 464 1388 584 1448; x_wconf 92' lang='lat' dir='ltr'><strong>molem</strong></span> <span class='ocrx_word' id='word_1_48' title='bbox 604 1399 637 1448; x_wconf 87' lang='lat' dir='ltr'><strong>et</strong></span> <span class='ocrx_word' id='word_1_49' title='bbox 659 1387 775 1468; x_wconf 88' lang='lat' dir='ltr'><strong>aliquid</strong></span> <span class='ocrx_word' id='word_1_50' title='bbox 799 1387 930 1450; x_wconf 79' lang='lat' dir='ltr'><strong>ulterius</strong></span> <span class='ocrx_word' id='word_1_51' title='bbox 954 1386 1056 1448; x_wconf 87' lang='lat' dir='ltr'><strong>lolito.</strong></span> <span class='ocrx_word' id='word_1_52' title='bbox 1106 1387 1159 1448; x_wconf 86' lang='lat' dir='ltr'><strong>Sic</strong></span> <span class='ocrx_word' id='word_1_53' title='bbox 1180 1385 1349 1463; x_wconf 80' lang='lat' dir='ltr'><strong>impetum</strong></span> 
     </span>
     <span class='ocr_line' id='line_1_9' title="bbox 294 1487 1306 1568; baseline -0.007 -14"><span class='ocrx_word' id='word_1_54' title='bbox 294 1491 384 1554; x_wconf 82' lang='lat' dir='ltr'><strong>aulae</strong></span> <span class='ocrx_word' id='word_1_55' title='bbox 398 1490 480 1550; x_wconf 86' lang='lat' dir='ltr'><strong>dixit</strong></span> <span class='ocrx_word' id='word_1_56' title='bbox 496 1490 573 1552; x_wconf 82' lang='lat' dir='ltr'><strong>Stat.</strong></span> <span class='ocrx_word' id='word_1_57' title='bbox 589 1488 700 1550; x_wconf 81' lang='lat' dir='ltr'><strong>Silvar.</strong></span> <span class='ocrx_word' id='word_1_58' title='bbox 718 1499 753 1568; x_wconf 81' lang='lat'><strong>4,</strong></span> <span class='ocrx_word' id='word_1_59' title='bbox 772 1503 805 1560; x_wconf 80' lang='lat' dir='ltr'><strong>a,</strong></span> <span class='ocrx_word' id='word_1_60' title='bbox 823 1501 879 1568; x_wconf 76' lang='lat'><strong>25.</strong></span> <span class='ocrx_word' id='word_1_61' title='bbox 908 1507 931 1551; x_wconf 90' lang='lat'><strong>1.</strong></span> <span class='ocrx_word' id='word_1_62' title='bbox 951 1505 1149 1550; x_wconf 78' lang='lat' dir='ltr'><strong>naonovrva</strong></span> <span class='ocrx_word' id='word_1_63' title='bbox 1163 1487 1244 1549; x_wconf 77' lang='lat' dir='ltr'><strong>MS.</strong></span> <span class='ocrx_word' id='word_1_64' title='bbox 1270 1508 1306 1548; x_wconf 87' lang='grc' dir='ltr'><strong>ι.</strong></span> 
     </span>
    </p>
   </div>
   <div class='ocr_carea' id='block_1_7' title="bbox 291 1687 1349 1961">
    <p class='ocr_par' dir='ltr' id='par_1_7' title="bbox 291 1687 1349 1961">
     <span class='ocr_line' id='line_1_10' title="bbox 369 1687 1349 1772; baseline -0.002 -18"><span class='ocrx_word' id='word_1_65' title='bbox 369 1688 605 1772; x_wconf 77' lang='lat' dir='ltr'><strong>abducit)</strong></span> <span class='ocrx_word' id='word_1_66' title='bbox 655 1689 819 1752; x_wconf 74' lang='lat' dir='ltr'>Litoribus</span> <span class='ocrx_word' id='word_1_67' title='bbox 852 1689 986 1760; x_wconf 81' lang='lat' dir='ltr'><strong>scilicet,</strong></span> <span class='ocrx_word' id='word_1_68' title='bbox 1022 1691 1056 1750; x_wconf 92' lang='lat' dir='ltr'><strong>in</strong></span> <span class='ocrx_word' id='word_1_69' title='bbox 1086 1705 1192 1751; x_wconf 81' lang='lat' dir='ltr'><strong>ortum</strong></span> <span class='ocrx_word' id='word_1_70' title='bbox 1223 1687 1349 1752; x_wconf 72' lang='lat' dir='ltr'><strong>versuo</strong></span> 
     </span>
     <span class='ocr_line' id='line_1_11' title="bbox 294 1789 1345 1878; baseline -0.007 -19"><span class='ocrx_word' id='word_1_71' title='bbox 294 1795 475 1864; x_wconf 81' lang='lat' dir='ltr'><strong>contractis,</strong></span> <span class='ocrx_word' id='word_1_72' title='bbox 521 1793 647 1856; x_wconf 77' lang='lat' dir='ltr'><strong>Baetica</strong></span> <span class='ocrx_word' id='word_1_73' title='bbox 680 1793 808 1878; x_wconf 77' lang='lat' dir='ltr'><strong>longius</strong></span> <span class='ocrx_word' id='word_1_74' title='bbox 844 1790 872 1855; x_wconf 86' lang='lat' dir='ltr'><strong>le</strong></span> <span class='ocrx_word' id='word_1_75' title='bbox 909 1795 943 1853; x_wconf 90' lang='lat' dir='ltr'><strong>in</strong></span> <span class='ocrx_word' id='word_1_76' title='bbox 982 1789 1125 1854; x_wconf 83' lang='lat' dir='ltr'><strong>occasum</strong></span> <span class='ocrx_word' id='word_1_77' title='bbox 1159 1791 1345 1873; x_wconf 79' lang='lat' dir='ltr'><strong>pandente.</strong></span> 
     </span>
     <span class='ocr_line' id='line_1_12' title="bbox 291 1915 478 1961; baseline -0.027 0"><span class='ocrx_word' id='word_1_78' title='bbox 291 1915 478 1961; x_wconf 77' lang='lat' dir='ltr'><strong>raorrnvs.</strong></span> 
     </span>
    </p>
   </div>
   <div class='ocr_carea' id='block_1_8' title="bbox 295 2087 1346 2288">
    <p class='ocr_par' dir='ltr' id='par_1_8' title="bbox 295 2087 1346 2288">
     <span class='ocr_line' id='line_1_13' title="bbox 360 2087 1346 2189; baseline 0.001 -33"><span class='ocrx_word' id='word_1_79' title='bbox 360 2087 578 2189; x_wconf 76' lang='lat' dir='ltr'><strong>fastigat)</strong></span> <span class='ocrx_word' id='word_1_80' title='bbox 628 2095 676 2156; x_wconf 86' lang='lat' dir='ltr'><strong>lta</strong></span> <span class='ocrx_word' id='word_1_81' title='bbox 693 2092 758 2157; x_wconf 85' lang='lat' dir='ltr'><strong>fere</strong></span> <span class='ocrx_word' id='word_1_82' title='bbox 775 2095 886 2156; x_wconf 81' lang='lat' dir='ltr'><strong>Liviua</strong></span> <span class='ocrx_word' id='word_1_83' title='bbox 902 2108 958 2175; x_wconf 76' lang='lat'><strong>57,</strong></span> <span class='ocrx_word' id='word_1_84' title='bbox 977 2110 1035 2171; x_wconf 76' lang='lat'><strong>27,</strong></span> <span class='ocrx_word' id='word_1_85' title='bbox 1060 2110 1092 2171; x_wconf 86' lang='lat'><strong>7.</strong></span> <span class='ocrx_word' id='word_1_86' title='bbox 1118 2094 1158 2156; x_wconf 87' lang='lat' dir='ltr'><strong>de</strong></span> <span class='ocrx_word' id='word_1_87' title='bbox 1173 2095 1274 2157; x_wconf 84' lang='lat' dir='ltr'><strong>colle:</strong></span> <span class='ocrx_word' id='word_1_88' title='bbox 1308 2095 1346 2157; x_wconf 87' lang='lat' dir='ltr'><strong>in</strong></span> 
     </span>
     <span class='ocr_line' id='line_1_14' title="bbox 295 2187 1345 2288; baseline 0.001 -30"><span class='ocrx_word' id='word_1_89' title='bbox 295 2199 421 2264; x_wconf 83' lang='lat' dir='ltr'><strong>modum</strong></span> <span class='ocrx_word' id='word_1_90' title='bbox 456 2210 556 2258; x_wconf 73' lang='lat' dir='ltr'><strong>nactae</strong></span> <span class='ocrx_word' id='word_1_91' title='bbox 588 2197 621 2257; x_wconf 84' lang='lat' dir='ltr'><strong>in</strong></span> <span class='ocrx_word' id='word_1_92' title='bbox 646 2209 775 2258; x_wconf 85' lang='lat' dir='ltr'><strong>acutum</strong></span> <span class='ocrx_word' id='word_1_93' title='bbox 807 2217 952 2260; x_wconf 80' lang='lat' dir='ltr'><strong>cacumen</strong></span> <span class='ocrx_word' id='word_1_94' title='bbox 980 2219 1002 2257; x_wconf 86' lang='lat' dir='ltr'><strong>a</strong></span> <span class='ocrx_word' id='word_1_95' title='bbox 1018 2187 1132 2287; x_wconf 81' lang='lat' dir='ltr'><strong>fundo</strong></span> <span class='ocrx_word' id='word_1_96' title='bbox 1148 2187 1239 2288; x_wconf 81' lang='lat' dir='ltr'><strong>sotis</strong></span> <span class='ocrx_word' id='word_1_97' title='bbox 1265 2196 1345 2259; x_wconf 83' lang='lat' dir='ltr'><strong>lato</strong></span> 
     </span>
    </p>
   </div>
   <div class='ocr_carea' id='block_1_9' title="bbox 284 2291 481 2394">
    <p class='ocr_par' dir='ltr' id='par_1_9' title="bbox 284 2291 481 2394">
     <span class='ocr_line' id='line_1_15' title="bbox 284 2291 481 2394; baseline -0.005 -34"><span class='ocrx_word' id='word_1_98' title='bbox 284 2291 481 2394; x_wconf 75' lang='lat' dir='ltr'><strong>fastigatus.</strong></span> 
     </span>
    </p>
   </div>
   <div class='ocr_carea' id='block_1_10' title="bbox 295 2493 1344 3902">
    <p class='ocr_par' dir='ltr' id='par_1_10' title="bbox 295 2493 1344 3902">
     <span class='ocr_line' id='line_1_16' title="bbox 374 2493 1342 2584; baseline 0 -20"><span class='ocrx_word' id='word_1_99' title='bbox 374 2501 532 2564; x_wconf 78' lang='lat' dir='ltr'><strong>Canens</strong></span> <span class='ocrx_word' id='word_1_100' title='bbox 561 2497 681 2582; x_wconf 80' lang='lat' dir='ltr'><strong>ager)</strong></span> <span class='ocrx_word' id='word_1_101' title='bbox 731 2502 785 2564; x_wconf 88' lang='lat' dir='ltr'><strong>Sic</strong></span> <span class='ocrx_word' id='word_1_102' title='bbox 804 2501 916 2564; x_wconf 86' lang='lat' dir='ltr'><strong>Strabo</strong></span> <span class='ocrx_word' id='word_1_103' title='bbox 935 2515 967 2581; x_wconf 78' lang='lat'><strong>5.</strong></span> <span class='ocrx_word' id='word_1_104' title='bbox 990 2522 1022 2584; x_wconf 93' lang='lat' dir='ltr'><strong>p.</strong></span> <span class='ocrx_word' id='word_1_105' title='bbox 1042 2511 1101 2580; x_wconf 84' lang='lat'><strong>95.</strong></span> <span class='ocrx_word' id='word_1_106' title='bbox 1126 2499 1250 2579; x_wconf 76' lang='lat' dir='ltr'><strong>l.137.</strong></span> <span class='ocrx_word' id='word_1_107' title='bbox 1273 2493 1342 2584; x_wconf 68' lang='grc' dir='ltr'><strong>τὴν</strong></span> 
     </span>
     <span class='ocr_line' id='line_1_17' title="bbox 296 2593 1343 2690; baseline 0 -27"><span class='ocrx_word' id='word_1_108' title='bbox 296 2601 444 2690; x_wconf 74' lang='grc' dir='ltr'>προσεχῆ</span> <span class='ocrx_word' id='word_1_109' title='bbox 462 2595 577 2688; x_wconf 74' lang='grc' dir='ltr'>χώραν</span> <span class='ocrx_word' id='word_1_110' title='bbox 591 2601 633 2686; x_wconf 64' lang='grc' dir='ltr'><strong>τῇ</strong></span> <span class='ocrx_word' id='word_1_111' title='bbox 648 2597 769 2686; x_wconf 62' lang='grc' dir='ltr'>Λατίνῃ</span> <span class='ocrx_word' id='word_1_112' title='bbox 781 2600 877 2689; x_wconf 59' lang='lat' dir='ltr'><strong>Omra}</strong></span> <span class='ocrx_word' id='word_1_113' title='bbox 894 2593 1196 2672; x_wconf 70' lang='grc' dir='ltr'>καλοῦσιῐῖοὑνεον.</span> <span class='ocrx_word' id='word_1_114' title='bbox 1220 2599 1343 2681; x_wconf 74' lang='grc' dir='ltr'><strong><em>σφῆνα</em></strong></span> 
     </span>
     <span class='ocr_line' id='line_1_18' title="bbox 295 2696 1343 2792; baseline -0.004 -26"><span class='ocrx_word' id='word_1_115' title='bbox 295 2705 457 2792; x_wconf 66' lang='grc' dir='ltr'><strong><em>σημαίνειν</em></strong></span> <span class='ocrx_word' id='word_1_116' title='bbox 481 2696 691 2791; x_wconf 79' lang='grc' dir='ltr'>βουλόμενοι.</span> <span class='ocrx_word' id='word_1_117' title='bbox 736 2705 832 2787; x_wconf 88' lang='lat' dir='ltr'><strong>Quod</strong></span> <span class='ocrx_word' id='word_1_118' title='bbox 856 2725 895 2765; x_wconf 84' lang='lat' dir='ltr'><strong>rm</strong></span> <span class='ocrx_word' id='word_1_119' title='bbox 919 2725 1032 2766; x_wconf 88' lang='lat' dir='ltr'><strong>verum</strong></span> <span class='ocrx_word' id='word_1_120' title='bbox 1058 2704 1103 2774; x_wconf 83' lang='lat' dir='ltr'><strong>fir,</strong></span> <span class='ocrx_word' id='word_1_121' title='bbox 1131 2706 1343 2783; x_wconf 84' lang='lat' dir='ltr'><strong>disceptatur,</strong></span> 
     </span>
     <span class='ocr_line' id='line_1_19' title="bbox 295 2805 1344 2888; baseline -0.001 -21"><span class='ocrx_word' id='word_1_122' title='bbox 295 2819 327 2867; x_wconf 86' lang='lat' dir='ltr'><strong>et</strong></span> <span class='ocrx_word' id='word_1_123' title='bbox 344 2805 396 2866; x_wconf 80' lang='lat' dir='ltr'><strong>vel</strong></span> <span class='ocrx_word' id='word_1_124' title='bbox 415 2805 565 2864; x_wconf 88' lang='lat' dir='ltr'><strong>Latinum</strong></span> <span class='ocrx_word' id='word_1_125' title='bbox 590 2823 729 2874; x_wconf 85' lang='lat' dir='ltr'><strong>nornen,</strong></span> <span class='ocrx_word' id='word_1_126' title='bbox 756 2806 808 2867; x_wconf 89' lang='lat' dir='ltr'><strong>vel</strong></span> <span class='ocrx_word' id='word_1_127' title='bbox 831 2807 905 2867; x_wconf 76' lang='lat' dir='ltr'><strong>fatuo</strong></span> <span class='ocrx_word' id='word_1_128' title='bbox 926 2807 1139 2888; x_wconf 85' lang='lat' dir='ltr'><strong>promontorii</strong></span> <span class='ocrx_word' id='word_1_129' title='bbox 1164 2807 1344 2887; x_wconf 84' lang='lat' dir='ltr'><strong>impugna·</strong></span> 
     </span>
     <span class='ocr_line' id='line_1_20' title="bbox 295 2903 1343 2976; baseline 0.002 -10"><span class='ocrx_word' id='word_1_130' title='bbox 295 2919 356 2968; x_wconf 89' lang='lat' dir='ltr'><strong>tur.</strong></span> <span class='ocrx_word' id='word_1_131' title='bbox 399 2903 604 2966; x_wconf 83' lang='lat' dir='ltr'><strong>Calaubonua</strong></span> <span class='ocrx_word' id='word_1_132' title='bbox 634 2905 795 2969; x_wconf 71' lang='lat' dir='ltr'><strong>Strabonis</strong></span> <span class='ocrx_word' id='word_1_133' title='bbox 828 2910 1011 2968; x_wconf 84' lang='lat' dir='ltr'><strong>anctoritate</strong></span> <span class='ocrx_word' id='word_1_134' title='bbox 1040 2909 1148 2976; x_wconf 78' lang='lat' dir='ltr'><strong>nixae,</strong></span> <span class='ocrx_word' id='word_1_135' title='bbox 1185 2906 1343 2968; x_wconf 81' lang='lat' dir='ltr'><strong>Latinam</strong></span> 
     </span>
     <span class='ocr_line' id='line_1_21' title="bbox 295 3004 1344 3089; baseline 0.002 -23"><span class='ocrx_word' id='word_1_136' title='bbox 295 3025 410 3068; x_wconf 90' lang='lat' dir='ltr'><strong>vocem</strong></span> <span class='ocrx_word' id='word_1_137' title='bbox 437 3004 607 3076; x_wconf 83' lang='lat' dir='ltr'><strong>existimat,</strong></span> <span class='ocrx_word' id='word_1_138' title='bbox 641 3008 714 3087; x_wconf 87' lang='lat' dir='ltr'><strong>qnia</strong></span> <span class='ocrx_word' id='word_1_139' title='bbox 738 3008 891 3070; x_wconf 81' lang='lat' dir='ltr'><strong>Romanis</strong></span> <span class='ocrx_word' id='word_1_140' title='bbox 917 3009 973 3069; x_wconf 91' lang='lat' dir='ltr'><strong>illo</strong></span> <span class='ocrx_word' id='word_1_141' title='bbox 1000 3022 1145 3089; x_wconf 87' lang='lat' dir='ltr'><strong>tempore</strong></span> <span class='ocrx_word' id='word_1_142' title='bbox 1171 3009 1344 3088; x_wconf 84' lang='lat' dir='ltr'><strong>paruerint</strong></span> 
     </span>
     <span class='ocr_line' id='line_1_22' title="bbox 296 3105 1344 3189; baseline 0.001 -20"><span class='ocrx_word' id='word_1_143' title='bbox 296 3106 475 3189; x_wconf 81' lang='lat' dir='ltr'><strong>Hispaniae,</strong></span> <span class='ocrx_word' id='word_1_144' title='bbox 501 3105 557 3187; x_wconf 83' lang='lat' dir='ltr'><strong>iplr</strong></span> <span class='ocrx_word' id='word_1_145' title='bbox 580 3121 688 3168; x_wconf 86' lang='lat' dir='ltr'><strong>autem</strong></span> <span class='ocrx_word' id='word_1_146' title='bbox 706 3109 826 3170; x_wconf 86' lang='lat' dir='ltr'><strong>incolae</strong></span> <span class='ocrx_word' id='word_1_147' title='bbox 842 3111 908 3171; x_wconf 85' lang='lat' dir='ltr'><strong>Lat.</strong></span> <span class='ocrx_word' id='word_1_148' title='bbox 926 3111 963 3172; x_wconf 92' lang='lat' dir='ltr'><strong>L.</strong></span> <span class='ocrx_word' id='word_1_149' title='bbox 979 3110 1125 3170; x_wconf 82' lang='lat' dir='ltr'><strong>delectari</strong></span> <span class='ocrx_word' id='word_1_150' title='bbox 1142 3106 1271 3178; x_wconf 80' lang='lat' dir='ltr'><strong>luerint,</strong></span> <span class='ocrx_word' id='word_1_151' title='bbox 1300 3123 1344 3170; x_wconf 89' lang='lat' dir='ltr'><strong>ut</strong></span> 
     </span>
     <span class='ocr_line' id='line_1_23' title="bbox 296 3207 1342 3290; baseline 0.004 -22"><span class='ocrx_word' id='word_1_152' title='bbox 296 3229 334 3269; x_wconf 81' lang='lat' dir='ltr'><strong>ex</strong></span> <span class='ocrx_word' id='word_1_153' title='bbox 357 3209 464 3268; x_wconf 84' lang='lat' dir='ltr'><strong>Plinio</strong></span> <span class='ocrx_word' id='word_1_154' title='bbox 487 3207 616 3271; x_wconf 81' lang='lat' dir='ltr'><strong>constat.</strong></span> <span class='ocrx_word' id='word_1_155' title='bbox 666 3209 812 3290; x_wconf 84' lang='lat' dir='ltr'><strong>Plerique</strong></span> <span class='ocrx_word' id='word_1_156' title='bbox 834 3225 957 3280; x_wconf 86' lang='lat' dir='ltr'><strong>tamen,</strong></span> <span class='ocrx_word' id='word_1_157' title='bbox 991 3223 1023 3270; x_wconf 89' lang='lat' dir='ltr'><strong>et</strong></span> <span class='ocrx_word' id='word_1_158' title='bbox 1048 3209 1150 3271; x_wconf 83' lang='lat' dir='ltr'><strong>nescio</strong></span> <span class='ocrx_word' id='word_1_159' title='bbox 1174 3229 1211 3268; x_wconf 89' lang='lat' dir='ltr'><strong>an</strong></span> <span class='ocrx_word' id='word_1_160' title='bbox 1236 3223 1342 3281; x_wconf 85' lang='lat' dir='ltr'><strong>recte,</strong></span> 
     </span>
     <span class='ocr_line' id='line_1_24' title="bbox 298 3309 1341 3393; baseline 0.002 -23"><span class='ocrx_word' id='word_1_161' title='bbox 298 3309 490 3372; x_wconf 75' lang='lat' dir='ltr'><strong>dissentiunt</strong></span> <span class='ocrx_word' id='word_1_162' title='bbox 511 3322 544 3369; x_wconf 86' lang='lat' dir='ltr'><strong>et</strong></span> <span class='ocrx_word' id='word_1_163' title='bbox 559 3330 576 3370; x_wconf 85' lang='lat' dir='ltr'><strong>a</strong></span> <span class='ocrx_word' id='word_1_164' title='bbox 591 3311 718 3391; x_wconf 79' lang='lat' dir='ltr'><strong>populis</strong></span> <span class='ocrx_word' id='word_1_165' title='bbox 735 3312 785 3372; x_wconf 92' lang='lat' dir='ltr'><strong>vel</strong></span> <span class='ocrx_word' id='word_1_166' title='bbox 804 3312 923 3382; x_wconf 76' lang='lat' dir='ltr'><strong>Coralis,</strong></span> <span class='ocrx_word' id='word_1_167' title='bbox 947 3310 999 3373; x_wconf 86' lang='lat' dir='ltr'><strong>vel</strong></span> <span class='ocrx_word' id='word_1_168' title='bbox 1020 3309 1188 3393; x_wconf 82' lang='lat' dir='ltr'><strong>Cynetibus</strong></span> <span class='ocrx_word' id='word_1_169' title='bbox 1210 3327 1341 3372; x_wconf 86' lang='lat' dir='ltr'><strong>nomen</strong></span> 
     </span>
     <span class='ocr_line' id='line_1_25' title="bbox 299 3410 1343 3498; baseline 0.001 -26"><span class='ocrx_word' id='word_1_170' title='bbox 299 3413 461 3498; x_wconf 83' lang='lat' dir='ltr'><strong>derivant,</strong></span> <span class='ocrx_word' id='word_1_171' title='bbox 491 3411 546 3490; x_wconf 90' lang='lat' dir='ltr'><strong>qui</strong></span> <span class='ocrx_word' id='word_1_172' title='bbox 564 3411 641 3470; x_wconf 88' lang='lat' dir='ltr'><strong>olim</strong></span> <span class='ocrx_word' id='word_1_173' title='bbox 657 3411 747 3472; x_wconf 88' lang='lat' dir='ltr'><strong>illum</strong></span> <span class='ocrx_word' id='word_1_174' title='bbox 768 3425 901 3474; x_wconf 86' lang='lat' dir='ltr'><strong>tractum</strong></span> <span class='ocrx_word' id='word_1_175' title='bbox 921 3425 1112 3484; x_wconf 87' lang='lat' dir='ltr'><strong>tenuerunt;</strong></span> <span class='ocrx_word' id='word_1_176' title='bbox 1140 3424 1177 3471; x_wconf 86' lang='lat' dir='ltr'><strong>ut</strong></span> <span class='ocrx_word' id='word_1_177' title='bbox 1191 3412 1242 3473; x_wconf 92' lang='lat' dir='ltr'><strong>hic</strong></span> <span class='ocrx_word' id='word_1_178' title='bbox 1258 3410 1343 3474; x_wconf 83' lang='lat' dir='ltr'><strong>Vol·</strong></span> 
     </span>
     <span class='ocr_line' id='line_1_26' title="bbox 298 3508 1341 3598; baseline 0.006 -26"><span class='ocrx_word' id='word_1_179' title='bbox 298 3513 367 3583; x_wconf 85' lang='lat' dir='ltr'><strong>lina.</strong></span> <span class='ocrx_word' id='word_1_180' title='bbox 392 3532 487 3593; x_wconf 87' lang='lat' dir='ltr'><strong>quem</strong></span> <span class='ocrx_word' id='word_1_181' title='bbox 503 3508 638 3572; x_wconf 84' lang='lat' dir='ltr'><strong>refutare</strong></span> <span class='ocrx_word' id='word_1_182' title='bbox 655 3524 756 3572; x_wconf 85' lang='lat' dir='ltr'><strong>tentat</strong></span> <span class='ocrx_word' id='word_1_183' title='bbox 771 3513 795 3574; x_wconf 91' lang='lat' dir='ltr'>F</span> <span class='ocrx_word' id='word_1_184' title='bbox 798 3515 882 3575; x_wconf 88' lang='lat' dir='ltr'><strong>lorez</strong></span> <span class='ocrx_word' id='word_1_185' title='bbox 897 3515 929 3574; x_wconf 91' lang='lat' dir='ltr'><strong>in</strong></span> <span class='ocrx_word' id='word_1_186' title='bbox 944 3512 1062 3596; x_wconf 79' lang='lat' dir='ltr'><strong>Elparia</strong></span> <span class='ocrx_word' id='word_1_187' title='bbox 1074 3512 1207 3598; x_wconf 83' lang='lat' dir='ltr'><strong>Sagrada</strong></span> <span class='ocrx_word' id='word_1_188' title='bbox 1219 3514 1260 3574; x_wconf 90' lang='lat' dir='ltr'><strong>T.</strong></span> <span class='ocrx_word' id='word_1_189' title='bbox 1276 3528 1341 3594; x_wconf 82' lang='lat'><strong>13.</strong></span> 
     </span>
     <span class='ocr_line' id='line_1_27' title="bbox 298 3611 1344 3698; baseline 0.005 -26"><span class='ocrx_word' id='word_1_190' title='bbox 298 3632 330 3693; x_wconf 95' lang='lat' dir='ltr'><strong>p.</strong></span> <span class='ocrx_word' id='word_1_191' title='bbox 353 3633 407 3693; x_wconf 84' lang='lat'><strong>¹9·</strong></span> <span class='ocrx_word' id='word_1_192' title='bbox 432 3633 470 3674; x_wconf 85' lang='lat' dir='ltr'><strong>ex</strong></span> <span class='ocrx_word' id='word_1_193' title='bbox 486 3613 652 3674; x_wconf 77' lang='lat' dir='ltr'><strong>Strabonis</strong></span> <span class='ocrx_word' id='word_1_194' title='bbox 670 3611 751 3674; x_wconf 91' lang='lat' dir='ltr'><strong>loco.</strong></span> <span class='ocrx_word' id='word_1_195' title='bbox 793 3615 878 3676; x_wconf 88' lang='lat' dir='ltr'><strong>Cum</strong></span> <span class='ocrx_word' id='word_1_196' title='bbox 893 3617 979 3676; x_wconf 90' lang='lat' dir='ltr'><strong>enim</strong></span> <span class='ocrx_word' id='word_1_197' title='bbox 995 3616 1031 3678; x_wconf 90' lang='lat' dir='ltr'><strong>P.</strong></span> <span class='ocrx_word' id='word_1_198' title='bbox 1047 3617 1153 3698; x_wconf 88' lang='lat' dir='ltr'><strong>Scipio</strong></span> <span class='ocrx_word' id='word_1_199' title='bbox 1174 3616 1208 3676; x_wconf 89' lang='lat' dir='ltr'><strong>in</strong></span> <span class='ocrx_word' id='word_1_200' title='bbox 1224 3613 1344 3695; x_wconf 82' lang='lat' dir='ltr'><strong>Hispa·</strong></span> 
     </span>
     <span class='ocr_line' id='line_1_28' title="bbox 299 3711 1342 3798; baseline 0.006 -24"><span class='ocrx_word' id='word_1_201' title='bbox 299 3713 383 3775; x_wconf 83' lang='lat' dir='ltr'><strong>niam</strong></span> <span class='ocrx_word' id='word_1_202' title='bbox 407 3713 557 3785; x_wconf 87' lang='lat' dir='ltr'><strong>venillet,</strong></span> <span class='ocrx_word' id='word_1_203' title='bbox 592 3711 742 3774; x_wconf 84' lang='lat' dir='ltr'><strong>trifariam</strong></span> <span class='ocrx_word' id='word_1_204' title='bbox 764 3713 1070 3798; x_wconf 77' lang='lat' dir='ltr'><strong>Carthaginienssum</strong></span> <span class='ocrx_word' id='word_1_205' title='bbox 1094 3718 1198 3798; x_wconf 82' lang='lat' dir='ltr'><strong>copiae</strong></span> <span class='ocrx_word' id='word_1_206' title='bbox 1220 3715 1342 3780; x_wconf 71' lang='lat' dir='ltr'><strong>divisae</strong></span> 
     </span>
     <span class='ocr_line' id='line_1_29' title="bbox 299 3815 1341 3902; baseline 0.003 -26"><span class='ocrx_word' id='word_1_207' title='bbox 299 3815 357 3877; x_wconf 87' lang='lat' dir='ltr'><strong>elle</strong></span> <span class='ocrx_word' id='word_1_208' title='bbox 374 3817 539 3896; x_wconf 88' lang='lat' dir='ltr'><strong>comperit,</strong></span> <span class='ocrx_word' id='word_1_209' title='bbox 565 3834 730 3895; x_wconf 82' lang='lat' dir='ltr'><strong>ununrque</strong></span> <span class='ocrx_word' id='word_1_210' title='bbox 750 3817 905 3878; x_wconf 80' lang='lat' dir='ltr'><strong>extribus</strong></span> <span class='ocrx_word' id='word_1_211' title='bbox 927 3819 1069 3889; x_wconf 76' lang='lat' dir='ltr'><strong>ducibus,</strong></span> <span class='ocrx_word' id='word_1_212' title='bbox 1091 3819 1276 3902; x_wconf 83' lang='lat' dir='ltr'><strong>Magonem,</strong></span> <span class='ocrx_word' id='word_1_213' title='bbox 1300 3819 1341 3879; x_wconf 88' lang='lat' dir='ltr'><strong>in</strong></span> 
     </span>
    </p>
   </div>
   <div class='ocr_carea' id='block_1_11' title="bbox 106 3916 1341 4002">
    <p class='ocr_par' dir='ltr' id='par_1_11' title="bbox 106 3916 1341 4002">
     <span class='ocr_line' id='line_1_30' title="bbox 106 3916 1341 4002; baseline 0.002 -24"><span class='ocrx_word' id='word_1_214' title='bbox 106 3927 112 3950; x_wconf 69' lang='lat'>⁸</span> <span class='ocrx_word' id='word_1_215' title='bbox 221 3997 223 4002; x_wconf 67' lang='lat'>,</span> <span class='ocrx_word' id='word_1_216' title='bbox 302 3917 412 3979; x_wconf 82' lang='lat' dir='ltr'><strong>Coniis</strong></span> <span class='ocrx_word' id='word_1_217' title='bbox 431 3935 521 4000; x_wconf 86' lang='lat' dir='ltr'><strong>agere</strong></span> <span class='ocrx_word' id='word_1_218' title='bbox 545 3916 625 3976; x_wconf 83' lang='lat' dir='ltr'><strong>ultra</strong></span> <span class='ocrx_word' id='word_1_219' title='bbox 647 3917 790 3978; x_wconf 84' lang='lat' dir='ltr'><strong>Herculia</strong></span> <span class='ocrx_word' id='word_1_220' title='bbox 813 3918 991 3988; x_wconf 79' lang='lat' dir='ltr'><strong>columnae.</strong></span> <span class='ocrx_word' id='word_1_221' title='bbox 1021 3932 1059 3980; x_wconf 91' lang='lat' dir='ltr'><strong>ut</strong></span> <span class='ocrx_word' id='word_1_222' title='bbox 1082 3919 1194 3982; x_wconf 79' lang='lat' dir='ltr'><strong>diserte</strong></span> <span class='ocrx_word' id='word_1_223' title='bbox 1217 3919 1341 4002; x_wconf 86' lang='lat' dir='ltr'><strong>legitur</strong></span> 
     </span>
    </p>
   </div>
   <div class='ocr_carea' id='block_1_12' title="bbox 298 4017 1340 4208">
    <p class='ocr_par' dir='ltr' id='par_1_12' title="bbox 298 4017 1340 4208">
     <span class='ocr_line' id='line_1_31' title="bbox 298 4017 1340 4104; baseline 0.004 -27"><span class='ocrx_word' id='word_1_224' title='bbox 298 4020 331 4078; x_wconf 92' lang='lat' dir='ltr'><strong>in</strong></span> <span class='ocrx_word' id='word_1_225' title='bbox 353 4017 490 4096; x_wconf 79' lang='lat' dir='ltr'><strong>Polybio</strong></span> <span class='ocrx_word' id='word_1_226' title='bbox 513 4037 567 4088; x_wconf 90' lang='lat' dir='ltr'><strong>ro,</strong></span> <span class='ocrx_word' id='word_1_227' title='bbox 589 4033 622 4092; x_wconf 93' lang='lat'><strong>7.</strong></span> <span class='ocrx_word' id='word_1_228' title='bbox 655 4019 710 4098; x_wconf 89' lang='lat' dir='ltr'><strong>qui</strong></span> <span class='ocrx_word' id='word_1_229' title='bbox 732 4019 771 4078; x_wconf 85' lang='lat' dir='ltr'><strong>fic</strong></span> <span class='ocrx_word' id='word_1_230' title='bbox 791 4022 947 4102; x_wconf 87' lang='lat' dir='ltr'><strong>populum</strong></span> <span class='ocrx_word' id='word_1_231' title='bbox 964 4022 1122 4102; x_wconf 86' lang='lat' dir='ltr'><strong>quendam</strong></span> <span class='ocrx_word' id='word_1_232' title='bbox 1141 4021 1340 4104; x_wconf 86' lang='lat' dir='ltr'><strong>adpellatum</strong></span> 
     </span>
     <span class='ocr_line' id='line_1_32' title="bbox 298 4117 1340 4208; baseline 0.004 -27"><span class='ocrx_word' id='word_1_233' title='bbox 298 4119 356 4182; x_wconf 85' lang='lat' dir='ltr'><strong>elle</strong></span> <span class='ocrx_word' id='word_1_234' title='bbox 379 4119 479 4184; x_wconf 86' lang='lat' dir='ltr'><strong>addit.</strong></span> <span class='ocrx_word' id='word_1_235' title='bbox 530 4117 608 4182; x_wconf 85' lang='lat' dir='ltr'><strong>Non</strong></span> <span class='ocrx_word' id='word_1_236' title='bbox 628 4119 727 4204; x_wconf 82' lang='lat' dir='ltr'><strong>igitur</strong></span> <span class='ocrx_word' id='word_1_237' title='bbox 743 4119 807 4186; x_wconf 85' lang='lat' dir='ltr'><strong>hoc</strong></span> <span class='ocrx_word' id='word_1_238' title='bbox 829 4123 951 4208; x_wconf 82' lang='lat' dir='ltr'><strong>origine</strong></span> <span class='ocrx_word' id='word_1_239' title='bbox 968 4123 1118 4186; x_wconf 87' lang='lat' dir='ltr'><strong>Latinum</strong></span> <span class='ocrx_word' id='word_1_240' title='bbox 1132 4141 1253 4186; x_wconf 87' lang='lat' dir='ltr'><strong>nomen</strong></span> <span class='ocrx_word' id='word_1_241' title='bbox 1276 4121 1340 4186; x_wconf 82' lang='lat' dir='ltr'><strong>elle</strong></span> 
     </span>
    </p>
   </div>
   <div class='ocr_carea' id='block_1_13' title="bbox 0 0 1382 4888">
    <p class='ocr_par' dir='ltr' id='par_1_13' title="bbox 0 0 1382 4888">
     <span class='ocr_line' id='line_1_33' title="bbox 0 0 1382 4888; baseline 0 0"><span class='ocrx_word' id='word_1_242' title='bbox 0 0 1382 4888; x_wconf 95' lang='lat' dir='ltr'><strong> </strong></span> 
     </span>
    </p>
   </div>
  </div>
 </body>
</html>
