2748 4888
194 405 552 467 motmunt.
592 407 704 464 Lm.
744 406 820 464 ot.
863 408 942 479 Μ.
1051 425 1091 488 ²7

55 585 101 648 luo
129 601 216 646 aevo
248 582 335 645 nott·
365 579 498 663 erupille
528 582 718 646 adfirmavit.
763 580 832 664 lpse
864 581 993 647 Nonius
1026 583 1091 646 duo

54 686 192 756 brechia,
220 705 301 766 qnae
320 683 453 743 infulam
479 683 610 760 (Sttabo
628 703 653 744 c.
671 683 711 758 l.)
734 685 992 765 complectantur,
1017 683 1091 748 ollio

51 789 215 850 veteribus
231 787 314 846 dicte
329 783 417 846 luille
437 798 538 866 putat.
587 785 639 847 Sic
654 799 738 847 certe
756 787 961 868 intelligenda
977 807 1040 848 vox
1057 789 1092 850 iu

49 893 176 952 Avieno
191 891 227 948 in
239 887 303 949 Ora
319 907 351 948 v.
363 895 447 962 288.
472 887 527 946 ubi
543 885 637 950 dicu:
666 889 732 948 tria
748 907 806 947 ora
820 881 920 976 infert
937 893 969 950 iu
984 911 1089 970 agros.

47 993 98 1055 Sic
117 987 245 1052 Voffiue
261 989 406 1071 pluribus
422 989 568 1049 evincere
585 989 636 1048 hic
652 989 775 1056 nititur.
799 1009 901 1050 unum
919 1003 1040 1050 tentum
1059 1003 1093 1052 et

49 1095 126 1154 olim
145 1089 245 1160 tutuo,
273 1091 358 1172 quia.
380 1089 504 1158 fiolim‚
529 1091 614 1171 quod
630 1091 750 1151 incolae
766 1090 941 1160 adfirmant,
969 1095 1005 1152 ud
1028 1093 1092 1154 llo·

50 1209 114 1255 tam
142 1192 302 1273 oppidum
331 1191 363 1250 in
392 1209 477 1250 mare
508 1189 643 1258 exiisset,
678 1193 765 1272 ptius
794 1191 940 1262 Baetim,
975 1195 1093 1256 deindo

52 1295 224 1376 Caepionis
243 1305 495 1354 monumentum
510 1291 594 1352 Mela
609 1291 815 1361 recensuillet.
841 1313 900 1354 nec
917 1296 1011 1356 unius
1029 1309 1094 1356 tan·

52 1409 120 1456 tum
137 1395 319 1455 Marcianus
342 1391 542 1456 meminillet.
596 1395 742 1456 Attamen
761 1394 794 1453 in
817 1393 968 1456 boccum
992 1398 1094 1458 orlen-

54 1499 110 1560 tele
125 1497 320 1580 nltingatun
348 1495 442 1556 debet
460 1497 556 1557 etiam
572 1491 659 1556 luille
676 1495 887 1566 occidentale,
914 1509 945 1557 et
967 1499 1094 1559 deloco

53 1602 152 1659 exitus
174 1600 296 1660 veritae
313 1595 501 1658 llotenfium
526 1597 588 1658 fide
609 1599 732 1660 nititur.
784 1597 879 1660 Certe
898 1597 978 1658 ilela
1003 1600 1035 1658 in
1057 1601 1096 1660 lie

53 1703 113 1762 orie
136 1715 255 1769 natue,
284 1719 397 1759 vetum
420 1699 562 1780 ignorare
586 1719 650 1758 non
669 1697 791 1760 debuit.
842 1699 890 1760 Ab
915 1699 976 1758 hoc
996 1699 1097 1760 lluvio

55 1815 167 1871 entem,
185 1800 279 1882 quod
298 1815 425 1868 notum,
441 1799 577 1860 Baetica
591 1801 787 1861 nominatur.
813 1801 910 1876 (Plin.
923 1813 954 1874 3.
973 1815 1004 1872 3.
1017 1799 1036 1860 l.
1052 1803 1097 1878 t.)

56 1901 139 1965 Olim
158 1903 252 1964 lanae
270 1901 339 1962 eius
357 1903 444 1982 aquis
460 1901 630 1961 commode
647 1901 878 1964 inficiebantur.
906 1903 943 1964 V.
960 1901 1097 1963 Mantat.

59 2018 88 2082 ὃ,
105 2017 162 2082 28,
184 2005 222 2068 6.
251 2003 396 2064 luvenal.
415 2017 469 2068 to.
492 2011 553 2080 42.
591 2003 742 2063 Ceterum
760 2003 878 2066 metam
900 2001 1097 2086 qual'enluut

58 2107 197 2170 reddidit
213 2103 382 2167 Boccatiut
399 2104 438 2165 de
453 2103 640 2166 fluminibus
654 2105 686 2166 h.
703 2123 736 2167 v.

129 2307 350 2388 Olintigi)
384 2305 560 2369 Obscurum
578 2325 710 2370 nomen.
739 2307 811 2370 Vid.
829 2307 978 2371 noterit.
995 2329 1026 2392 p.
1041 2307 1099 2371 16.

61 2409 172 2472 Onoba
189 2411 417 2492 cognominata
432 2407 605 2500 Aestuaria,
630 2413 642 2486 (
652 2411 734 2470 Plio.
748 2423 780 2484 3,
801 2421 832 2488 3.
849 2407 869 2468 l.
888 2411 937 2486 ι.)
961 2430 1018 2492 Pro
1035 2427 1100 2489 quo

60 2513 210 2572 lllurcian.
235 2511 359 2571 Heratl.
378 2531 446 2592 pag.
464 2525 523 2588 4ο.
542 2509 639 2570 Hudl.
664 2510 758 2572 hahet
771 2501 902 2584 Ὀνοβα
917 2505 1100 2594 Ἀστουρία,

60 2618 109 2695 qni
133 2615 222 2673 inter
243 2611 318 2672 ollia
344 2612 447 2672 Baetis
468 2627 500 2673 et
523 2615 606 2672 duae
630 2613 791 2679 conlocat,
823 2613 908 2674 uncle
924 2611 1101 2672 Ptolemaei

61 2732 92 2784 Ω,
117 2729 152 2796 4.
181 2707 483 2800 Όνοβαλιστουρία
509 2713 713 2783 emendatur,
746 2711 889 2774 adhibito
916 2713 1040 2782 Plinio.
1067 2713 1102 2772 in

62 2837 120 2898 quo
137 2816 192 2876 hic
211 2815 370 2874 Haeduini
391 2815 562 2874 lectionem
579 2817 692 2896 probat
711 2809 845 2875 voslun.
879 2812 930 2875 Cf.
946 2829 1015 2876 not.
1031 2815 1101 2877 crit.

61 2937 90 3000 p.
106 2933 161 2991 17.
191 2915 243 2978 Ab
259 2914 337 2976 ollio
354 2915 457 2976 Baetis
474 2915 602 2976 distabat
616 2927 688 2992 42⁰
706 2915 808 2977 stulta.
823 2914 1051 2998 (llurcianuec.
1064 2911 1103 2998 l.)

63 3021 109 3081 De
126 3017 192 3100 ipla
219 3015 298 3076 urbe
321 3019 452 3098 eiusque
477 3015 533 3076 suu
556 3019 680 3078 erudite
704 3017 838 3097 exponit
861 3017 979 3078 lloder.
1001 3014 1103 3079 Came

61 3121 91 3180 in
106 3123 233 3200 antiqu.
251 3115 380 3198 Hispan.
395 3133 427 3195 3,
446 3129 504 3194 τ5.
531 3121 585 3198 qui
604 3131 693 3199 putat
710 3117 741 3177 h.
760 3116 819 3178 elle
832 3115 1009 3188 Gibraleon,
1033 3135 1104 3198 pto·

61 3219 149 3283 batus
165 3221 207 3281 ab
225 3219 393 3280 Hattluluo
409 3222 445 3279 etl
461 3220 542 3281 Ptin.
559 3233 591 3280 et
606 3218 789 3302 Weffeliug.
806 3219 844 3278 ad
863 3219 1014 3280 llntonlu.
1030 3218 1103 3280 itin.
1154 3207 1160 3216 ’

61 3343 130 3406 pag.
150 3333 241 3402 432.
290 3319 476 3404 Refragatur
503 3319 643 3382 Holllen.
672 3322 710 3381 ad
738 3320 836 3381 Ortel.
862 3340 893 3402 p.
917 3333 998 3395 137.
1032 3319 1104 3400 quie

67 3423 235 3484 Gibraleon
261 3422 388 3504 longius
411 3443 426 3482 a
448 3423 525 3482 muri
542 3421 649 3493 distet,
676 3435 761 3504 etp.
785 3433 861 3500 140.
886 3421 924 3482 etl
949 3417 1104 3483 Gubalion

60 3523 167 3587 refert.
225 3523 391 3584 Bivarium
415 3525 508 3584 nimie
532 3523 631 3584 libere
652 3539 841 3606 vagantem,
874 3525 929 3602 qni
953 3525 1108 3604 Ayamote

62 3624 276 3694 exillimallet,
302 3621 452 3684 refutavit
469 3625 554 3686 lind.
574 3624 681 3694 Curuo,
704 3623 788 3704 quod
813 3623 873 3683 hoc
892 3625 1047 3707 oppidum
1066 3624 1105 3685 ad

60 3731 147 3791 Anae
163 3727 242 3789 oilla
259 3727 348 3788 iacet.
396 3725 507 3788 Florez
524 3739 630 3786 tamen
655 3727 687 3785 in
712 3721 830 3805 Elput'ut
847 3723 979 3806 Sagradn
993 3723 1034 3787 T.
1050 3739 1104 3788 ια.

60 3851 92 3913 p.
110 3841 169 3908 58.
193 3830 345 3890 evincere
366 3827 485 3896 studet,
517 3827 548 3888 h.
567 3825 626 3888 elle
647 3827 793 3904 Iltteluu,
820 3827 906 3906 quod
931 3809 1028 3887 ell'in
1053 3843 1106 3888 eo·

62 3935 137 3993 dem
153 3945 270 3998 tractu,
293 3947 357 4008 quo
377 3925 551 3990 Gibraleou.
586 3930 635 3988 De
651 3927 762 4004 Laepa
779 3922 818 3987 cl.
833 3939 900 3989 not.
919 3929 988 3990 crit.
1004 3949 1036 4008 p.
1052 3939 1107 4006 ιθ.

63 4032 108 4094 Η.
132 4032 268 4092 videtur
294 4029 354 4090 elle
380 4029 474 4107 [epe.
515 4029 611 4112 Quod
636 4029 658 4091 li
685 4048 797 4090 verum
825 4027 970 4098 hahetur,
996 4031 1108 4090 eadem

62 4153 130 4196 uon
156 4131 261 4214 potest
285 4129 345 4192 elle
374 4131 474 4210 Ilipa,
514 4133 632 4214 quippe
662 4149 742 4212 quae
768 4129 807 4190 ab
833 4129 948 4192 Onoba
978 4131 1109 4202 dilubat

112 4251 214 4323 Pomp.
233 4247 326 4303 Mala.
348 4247 463 4322 Exeget.
479 4245 517 4300 L.
531 4247 583 4300 111.
824 4229 853 4292 B
