2748 4888
162 395 222 454 ιιι
249 394 386 455 rorte.
416 393 525 462 rtur„
564 394 677 454 nur.
719 395 811 457 on
853 395 933 468 te·
1037 407 1080 480 tr

85 570 136 634 D
152 591 174 632 r
193 591 215 630 u
228 570 241 630 i
254 567 363 651 des)
412 568 565 632 Nominit
589 572 680 657 origo
705 583 741 632 et
765 572 961 656 etymologia
990 574 1076 636 rotie

18 674 135 738 tetur.
192 671 246 734 cf.
283 672 391 732 Freret
417 673 450 730 in
476 669 547 734 hist.
574 673 614 733 de
639 673 828 734 l’ecademie
854 707 888 720 -
919 674 960 736 de
987 673 1076 738 Porio

12 779 53 840 T.
77 787 143 852 ra.
159 795 200 857 p.
222 783 291 850 185
311 771 372 854 sqq.
399 771 537 834 Hostem
553 775 585 834 in
603 771 718 858 sylloge
733 773 848 837 differt.
867 797 901 838 u.
922 795 976 839 ιο.
1009 777 1075 838 iio·

6 879 106 942 nni
136 874 261 936 ufitete
288 875 434 936 derivant
462 893 479 934 a
506 874 626 937 Graeco
641 867 645 882 '
662 870 745 962 δρῦς.
796 876 850 937 Sic
869 877 954 939 Piin.
977 879 1031 941 26.
1050 874 1074 942 i.

5 976 178 1042 roborum
202 975 327 1056 eligunt
347 975 434 1036 ocos
456 1009 508 1022 -
533 989 570 1036 ut
598 975 671 1036 imie
694 975 850 1056 adpelluti
871 997 992 1060 quoque
1013 989 1075 1040 ter·

2 1079 213 1142 anutium
239 1076 296 1139 Gr.
316 1069 434 1167 poffirrt
453 1075 597 1139 Dmides
617 1080 736 1140 vocari.
793 1079 877 1140 Hirro
894 1074 1075 1164 Σαρωνίδες

4 1181 107 1264 :puri
124 1178 273 1240 Diodor.
284 1190 319 1254 5,
336 1192 395 1255 31.
416 1177 454 1238 ab
471 1177 581 1239 erdem
593 1177 648 1240 Gr.
665 1199 746 1241 voce
766 1180 788 1240 i.
804 1199 832 1242 o.
851 1177 958 1242 κοῖλαι
974 1169 1073 1264 δρύες,

6 1298 48 1344 ut
72 1281 221 1362 quidam
238 1290 363 1360 potant.
396 1276 713 1357 cternmttetych.
731 1281 762 1342 h.
781 1300 813 1344 v.
853 1283 894 1342 Δι
912 1281 1074 1349 totticintr

9 1383 61 1446 eii
83 1383 144 1442 iila
167 1381 283 1451 lectio.
312 1391 433 1462 praeter
452 1381 545 1451 aiios.
579 1380 618 1442 ab
639 1380 879 1446 tthodonunno
901 1393 935 1445 ot
958 1381 1072 1445 Welie·

10 1485 148 1568 lingio,
175 1481 233 1563 qni
253 1481 368 1543 volunt
383 1477 541 1564 Δρουίὸας
555 1499 614 1564 pro
629 1477 831 1568 Σαρωνίδας,
854 1484 907 1544 bic
922 1485 1018 1545 etiem
1034 1503 1076 1558 ex

14 1586 93 1648 aliie
115 1583 221 1646 eodtl.
244 1581 350 1664 posuit
370 1579 580 1668 Σαρουνίὃας.
615 1581 825 1663 Exploierunt
842 1585 896 1646 elii
913 1585 995 1646 hunc
1008 1597 1074 1664 ety-

16 1687 233 1767 mologiam,
265 1702 344 1765 queo
367 1701 433 1744 nou
457 1685 545 1744 cadat
561 1686 594 1745 in
612 1697 734 1746 veteres
752 1685 874 1754 Gellot.
902 1697 933 1746 et
957 1705 996 1746 ex
1017 1705 1075 1748 vo-

20 1807 101 1850 oum
121 1799 256 1848 tantum
279 1785 480 1847 iimiiitudine
492 1785 585 1848 ductu
601 1785 653 1857 srt,
678 1799 713 1847 ut
730 1787 797 1847 alie.
836 1784 887 1849 Cf.
908 1785 945 1846 ii.
962 1783 1074 1848 Coirue

20 1887 102 1950 bon.
122 1887 166 1946 ari
196 1887 294 1970 Diog.
312 1885 465 1948 Laertio
487 1904 630 1968 prooem.
648 1886 694 1949 in.
728 1883 835 1950 Darii.
851 1889 890 1949 ed
907 1887 969 1948 iul.
986 1883 1072 1950 cart

21 1989 64 2051 tie
89 1989 133 2050 B.
153 1987 199 2050 G.
221 1989 332 2064 6.13.
383 1985 502 2049 Melior
522 1989 575 2049 alii
597 1989 633 2048 ud
655 1988 809 2052 Celticum
832 1989 975 2072 linguam
998 2005 1079 2050 eon

24 2089 182 2175 fugiunt,
210 2091 245 2150 in
265 2108 325 2169 qur
347 2090 482 2149 occurrit
502 2107 567 2150 vox
583 2089 675 2150 Deru
694 2089 715 2150 i.
733 2109 760 2150 e.
782 2108 931 2170 quercur.
958 2089 998 2152 de
1015 2109 1076 2170 que

25 2194 97 2256 rid.
123 2191 263 2252 Martio.
285 2191 324 2252 T.
346 2209 376 2252 ι.
404 2209 473 2274 pag.
497 2191 577 2260 176.
595 2209 622 2254 o.
647 2191 669 2253 Ι.
696 2205 729 2252 et
750 2189 856 2252 Darii.
876 2191 948 2254 c.l.
1013 2191 1075 2256 Atti

26 2307 158 2361 temen,
188 2305 225 2352 ut
248 2290 389 2360 Paron,
420 2311 514 2372 quem
538 2291 663 2354 inducit
680 2291 816 2363 Murtin,
847 2292 940 2354 eiiam
959 2309 1077 2354 vocem

29 2394 193 2458 celticam
220 2392 286 2454 buo
311 2391 479 2463 arcessunt,
512 2391 593 2454 Hud
615 2395 636 2454 i.
663 2413 692 2455 e.
717 2393 911 2464 decantatio,
942 2393 1011 2463 rei,
1038 2403 1078 2461 ut

30 2497 161 2564 neret,
195 2491 349 2564 Celticum
365 2495 415 2554 vei
434 2494 638 2555 Hibernicam
654 2493 710 2556 De
724 2492 745 2557 i.
758 2493 812 2556 Di
833 2495 854 2556 i.
871 2513 900 2556 e.
917 2495 1020 2563 Deut.
1042 2507 1077 2556 et

33 2593 480 2658 Rhaidltimi.1iitortidlrim
503 2596 525 2656 i.
549 2613 577 2655 e.
600 2595 705 2676 ioqui,
739 2607 776 2655 ut
800 2594 837 2654 fit
859 2593 943 2676 qutii
966 2594 1076 2658 Theo·

34 2697 139 2781 logne.
180 2697 218 2756 ln
234 2693 427 2758 carminibus
447 2697 535 2756 enim
549 2695 741 2758 Britannicis
760 2693 834 2758 iaec.
852 2709 886 2773 5.
900 2706 933 2756 et
949 2695 983 2760 6.
1008 2695 1078 2778 qui·

37 2797 97 2858 bne
117 2797 271 2860 noudum
292 2797 383 2878 plane
404 2793 565 2878 exstirpate
580 2795 641 2857 fuit
663 2797 775 2880 religio
792 2797 1001 2864 Druidarum.
1027 2813 1076 2860 ter

38 2901 209 2983 perinutur
221 2900 363 2958 Druidae
378 2897 453 2958 dicti
470 2897 696 2980 Derouyddeh.
732 2898 884 2980 Quidam,
902 2911 939 2958 ut
953 2897 1077 2960 Buche-

39 3002 102 3062 rior
123 3003 157 3060 in
180 2997 298 3082 Belgio
313 2999 409 3062 Rom.
425 3013 458 3075 5.
475 3009 509 3080 4,
531 3009 586 3077 ¹4·
608 3012 773 3060 recurrunt
792 3000 830 3060 od
846 2997 1000 3062 Celticum
1019 3016 1077 3061 ro·

42 3121 108 3165 rem
129 3097 233 3162 Dma
255 3101 277 3161 i.
299 3117 327 3162 ο.
351 3101 402 3160 vir
424 3099 585 3168 strennue,
612 3101 723 3163 fideiio.
764 3099 837 3162 Viti.
860 3100 1014 3162 Harduin.
1034 3097 1077 3161 td

43 3201 126 3264 Plio.
146 3201 204 3263 16.
229 3197 252 3262 i.
302 3201 351 3262 Ex
377 3201 484 3284 lingua
509 3200 662 3262 Hebraico
683 3191 771 3268 to'tt
797 3204 819 3263 i.
844 3221 872 3264 e.
899 3198 1076 3281 exquisrrit‚

45 3301 218 3378 consuluit,
259 3301 374 3382 repetit
406 3300 486 3364 vott.
514 3301 552 3363 etl
580 3301 639 3364 iul.
666 3301 753 3366 caet.
779 3321 806 3364 o.
830 3299 853 3364 i.
887 3320 1077 3384 quamquem

47 3405 200 3484 denique,
234 3414 272 3462 ut
297 3403 473 3474 incertum,
504 3404 536 3465 id
562 3403 716 3477 dimittitr
752 3402 943 3464 constantior
968 3413 1078 3464 tuetur

48 3505 201 3566 Schediuo
230 3503 272 3564 de
299 3505 371 3566 Diie
404 3503 551 3566 German.
572 3519 605 3566 Ω.
627 3523 693 3588 cap.
712 3517 745 3583 3.
786 3503 1018 3565 Germanorum
1045 3517 1079 3566 ot

50 3605 229 3668 Gothorum
248 3603 399 3666 Druittin
420 3601 439 3664 i.
459 3603 610 3676 Drottirt‚
637 3607 660 3668 i.
685 3625 713 3668 e.
737 3605 871 3673 domur,
905 3603 1011 3674 heroe,
1044 3605 1078 3669 in

50 3705 216 3768 [ubiidium
234 3717 328 3767 rooat
344 3703 479 3768 Huiaeuo
497 3725 524 3770 c.
545 3706 566 3768 Ι.
621 3707 688 3788 Qui
710 3725 749 3767 ex
773 3705 900 3768 Graeci·
922 3705 1077 3780 derivant,

52 3827 115 3870 uon
136 3805 236 3868 sotum
261 3819 385 3868 veteres
408 3807 560 3886 quottiam
584 3807 674 3869 testeo
699 3806 815 3868 hebeto
838 3807 1000 3876 videntur,
1026 3805 1079 3867 rei

54 3909 218 3976 adiutores.
256 3903 306 3968 [eti
324 3919 356 3968 et
379 3908 486 3968 iocum
509 3908 585 3967 iulii
602 3905 689 3970 Coei.
709 3907 748 3968 de
770 3906 807 3966 B.
825 3905 864 3968 G.
884 3907 916 3975 6,
941 3917 995 3984 ¹4·
1023 3905 1080 3978 ubi

59 4010 198 4078 traditur,
234 4007 364 4070 Graecis
384 4009 483 4068 literis
503 4006 575 4070 uioe
599 4007 658 4070 effe
683 4007 834 4078 Druidas,
861 4007 946 4089 quod
963 4028 980 4068 ι
998 4007 1081 4072 Pho.-

15 4097 17 4106 ’
60 4111 142 4181 neit,
162 4105 312 4172 Masfiiiae
329 4109 559 4192 conditoribuo‚
580 4105 758 4193 profectum
775 4121 889 4204 putent
904 4108 966 4180 viri
983 4107 1080 4184 dooti,

101 4225 188 4300 Pomp·
199 4223 294 4280 Maia·
312 4223 545 4296 Exeget.L·111.
794 4213 824 4280 D

1352 4185 1373 4232 A
