2748 4888
174 429 393 490 rurour.
424 431 532 490 uer,
572 433 683 491 nur.
725 435 806 494 er.
846 432 979 505 tus.
1086 449 1108 513 t

135 603 369 688 meatibus)
410 607 463 670 Sic
477 605 592 672 brien.
610 626 644 671 r.
660 621 693 672 o.
713 624 830 670 rocem
847 607 930 672 hene
946 606 987 672 de
1004 607 1109 670 sinmi-

62 705 155 770 ttt'bue
180 705 322 790 usurpet.

209 879 306 958 Μ.
360 870 688 972 Hucegressos)
738 873 1057 946 Santonorum.
1160 873 1164 882 '

135 1045 366 1130 Baeticae)
398 1050 449 1110 De
462 1050 630 1112 redictum
641 1051 678 1111 ed
696 1065 729 1121 2,
741 1049 775 1122 6,
787 1062 820 1130 5.
835 1049 957 1114 deuna
972 1049 1107 1114 ibidem.

140 1215 353 1299 Turduli)
386 1219 438 1282 Sic
455 1217 510 1280 Gr.
519 1209 735 1308 Toipiooiot.
763 1217 848 1281 snite
861 1219 943 1302 apud
958 1217 1112 1282 Nostrum

61 1333 236 1380 occurrunt
256 1319 388 1380 Turduli
407 1333 525 1381 veteres
543 1319 599 1382 situ
620 1321 658 1382 rb
677 1321 726 1384 hir
743 1319 868 1384 diversi.
921 1321 1007 1383 Nem
1030 1323 1112 1384 circe

61 1421 204 1480 Durium
225 1440 284 1482 eor
304 1423 467 1492 conlocet,
494 1437 530 1484 nt
546 1423 631 1484 Ptin.
647 1433 683 1500 4,
700 1435 759 1502 35.
778 1419 798 1487 s.
816 1437 876 1486 αι.
905 1421 966 1485 hoe
987 1422 1113 1484 tBreti

62 1522 101 1582 ed
117 1525 235 1592 Anam,
261 1517 321 1582 ubi
341 1523 464 1586 Plinius
481 1539 512 1604 3,
533 1538 565 1605 3.
583 1523 602 1587 s.
628 1547 656 1586 r.
679 1523 827 1586 describit
842 1524 1033 1595 Beeturirm,
1058 1523 1112 1586 cui

61 1623 182 1686 incolae
198 1623 314 1684 tribuit
330 1623 468 1686 Celticos
481 1628 519 1688 od
536 1625 741 1696 Lufittniam,
772 1624 925 1689 Turdulos
940 1627 978 1687 rd
994 1625 1111 1688 Lautr-

60 1725 147 1786 niem
166 1738 203 1787 et
225 1724 507 1790 Tarraconensem.
561 1727 683 1812 Quodsi
704 1741 823 1790 ueteres
845 1739 930 1789 recte
951 1726 1111 1798 adiicitur,

60 1841 144 1888 reete
168 1843 287 1888 monet
312 1828 337 1890 1.
361 1829 547 1891 Gronovius
569 1829 639 1893 MS.
662 1829 758 1892 brec:
797 1829 892 1890 Haud
914 1827 1012 1891 dubie
1032 1828 1114 1890 ants·

61 1925 208 2010 quislimi
222 1949 264 1990 ex
279 1928 351 1999 illie,
377 1933 431 2012 qut
449 1951 485 1994 er
504 1931 667 1993 Phoenice
684 1933 717 1992 in
735 1927 920 2014 Hispaniam
941 1939 1112 2001 venerunt,

60 2031 145 2112 qnod
181 2041 273 2112 potet
302 2051 341 2093 ex
376 2032 433 2094 isio
463 2035 615 2104 nomine,
653 2034 738 2114 quud
779 2033 873 2095 valde
905 2031 1113 2115 probabiliter

61 2131 216 2194 Bochart.
232 2134 268 2192 in
284 2132 387 2194 Chen.
410 2157 440 2206 t,
458 2147 515 2214 34.
537 2137 613 2196 dicit
633 2135 694 2198 ess'e
714 2133 927 2198 Phoenicium
948 2133 1111 2204 Tuitub‘ru,

61 2254 124 2315 quo
158 2245 318 2295 notentur
343 2237 525 2320 migrantes.
563 2237 725 2299 Hactenus
751 2236 816 2299 ille.
859 2235 909 2298 to
942 2253 996 2298 ore
1024 2235 1112 2296 iuxta

62 2337 206 2396 Durium
230 2335 362 2397 indeed
385 2339 570 2402 interiorem
590 2339 759 2424 regionem
783 2335 928 2422 migrasse
949 2337 1112 2408 videntur,

62 2435 119 2496 ubi
135 2438 294 2519 adparent
310 2440 343 2499 in
359 2437 482 2512 Plinio,
508 2455 540 2502 et
557 2440 712 2502 commisii
729 2459 802 2502 curn
819 2439 888 2502 aliie
903 2439 1046 2520 popusie,
1071 2455 1113 2500 ert

61 2557 127 2619 quo
149 2539 228 2600 inde
244 2540 365 2600 iterum
382 2543 420 2602 ed
436 2561 522 2602 ororn
540 2561 640 2626 prope
657 2540 773 2603 steturn
789 2534 930 2624 permissi
948 2538 1029 2612 sunt,
1055 2537 1113 2600 ubi

61 2637 198 2702 sumunt
215 2641 406 2704 Turdetani.
453 2645 561 2728 Quare
576 2643 745 2706 Turdusoe
763 2655 795 2705 et
810 2643 1016 2704 Turdetanos
1032 2659 1112 2704 eutr·

62 2743 136 2804 dem
161 2743 325 2825 populoru
348 2745 545 2816 habuerunt,
575 2747 631 2828 qui
655 2765 692 2808 ert
712 2743 839 2806 duobus
860 2744 922 2806 illie
943 2744 1113 2813 coaluerat,

63 2843 234 2906 Straboni·
256 2859 340 2907 certe
364 2859 520 2929 ternpore.
554 2849 591 2910 V.
611 2861 643 2926 5.
667 2867 698 2929 p.
717 2845 820 2926 96.s.
847 2859 927 2924 139.
959 2843 1116 2924 Potybtur

62 2961 137 3007 rute
151 2945 370 3018 Strabonem,
394 2950 498 3030 quiid
524 2963 631 3018 nutat,
658 2945 799 3010 diversor
819 2947 959 3038 populor
980 2943 1112 3018 censuit,

63 3061 95 3110 et
114 3049 195 3108 hinc
211 3047 415 3112 Ptolemaeue
435 3068 465 3120 o,
482 3062 516 3128 4.
531 3051 735 3113 Turdetanos
751 3063 784 3110 et
799 3049 963 3110 Turduloe
985 3044 1113 3130 separet,

63 3161 95 3212 et
116 3149 252 3234 singulis
276 3148 344 3212 sure
366 3151 459 3215 urbet
476 3152 600 3216 tribuit.
652 3153 794 3214 Ulterior
808 3169 903 3219 vero,
930 3168 1024 3230 quem
1048 3149 1114 3218 atii,

66 3253 180 3313 Strabo
199 3265 232 3330 5.
257 3271 328 3336 pag.
351 3253 569 3331 104.s.15r.
592 3254 755 3316 Turdulot
777 3251 933 3323 extendit,
961 3250 1015 3331 qui
1031 3248 1115 3312 Tur·

65 3355 147 3416 dutie
162 3354 305 3440 adsignat
320 3355 487 3440 Augustum
503 3357 690 3426 Emeritam,
707 3373 802 3438 quern
818 3353 1023 3416 Ptolemaeus
1034 3367 1066 3422 α.
1077 3361 1112 3430 5.

65 3455 144 3517 Ptin.
164 3466 202 3534 4.
228 3468 287 3536 55.
314 3455 413 3520 ite.
437 3471 470 3519 et
495 3459 579 3522 Meta
604 3455 926 3536 o.6,4.1.usurnie
950 3453 1112 3518 tribuunt.

66 3557 275 3621 Turdetanot
298 3557 333 3620 in
361 3561 537 3624 Lubtanire
562 3579 615 3623 ort
642 3562 723 3622 oltra
754 3560 856 3619 Anum
884 3554 982 3618 hebet
1006 3555 1114 3620 Ptole-

64 3679 178 3723 moeue
197 3677 231 3732 2,
254 3671 288 3737 5.
315 3663 347 3722 in
362 3682 422 3744 qut
438 3675 527 3743 parte
542 3663 649 3725 nultos
663 3657 803 3746 agnoscit
817 3659 951 3720 Plinius.
990 3658 1115 3720 Turde·

66 3776 156 3826 terroe
181 3777 289 3824 tamen
310 3763 482 3846 antiquitus
502 3765 535 3826 in
555 3765 677 3827 Raetica
700 3761 839 3824 maxime
860 3757 1047 3829 consedisse,
1073 3775 1114 3822 ox

65 3885 105 3929 eo
129 3865 342 3948 intelligitur,
376 3867 463 3948 quod
487 3865 612 3928 Baetice
637 3867 719 3926 dicte
742 3863 819 3926 olim
842 3859 886 3922 esi
907 3860 1114 3932 Turdetania,

68 3985 199 4030 anctore
221 3967 379 4031 Strabone
397 3981 429 4046 5.
451 3989 485 4050 p.
502 3969 562 4048 96.
579 3964 599 4031 s.
622 3979 703 4046 139.
750 3963 841 4026 ldem
865 3979 943 4024 vero
965 3963 1061 4023 etiem
1080 3975 1115 4042 3.
1140 4039 1146 4050 ·

68 4089 99 4152 p.
118 4081 177 4149 98.
197 4066 220 4131 s.
245 4085 326 4148 142.
351 4069 495 4134 strictiori
518 4069 606 4131 sensu
627 4064 855 4130 Turdetaniam
880 4063 1048 4148 intelligit,
1082 4077 1115 4126 et

65 4192 82 4233 a
98 4170 250 4237 Baeturia
266 4169 355 4236 iuxta
371 4173 475 4238 Artem
499 4171 591 4263 (rid.
609 4167 698 4257 supra
717 4163 863 4251 Pliniut)
884 4163 1021 4250 separet,
1053 4183 1116 4248 qne
