2746 4894
113 439 172 497 ΙΝ
199 438 338 498 Poma.
367 435 476 495 totta.
517 435 627 494 1.ttt.
669 436 802 501 eviii·
844 437 924 511 Μ·
948 441 978 500 6.
1018 456 1082 522 537

27 613 68 676 tie
86 612 254 676 hodierno
275 610 354 674 ollio
369 609 544 696 Euphratis
563 607 710 696 exposuit
726 613 864 678 vincent
879 616 919 678 ed
940 616 1078 684 Nearchi

25 716 210 801 paraplum.
236 715 370 800 (Angl.)
442 734 448 746 ·

102 915 332 998 emoritur)
381 915 530 1002 Eleganti
548 929 582 980 et
601 916 711 980 vivida
733 919 933 1003 metaphora,
957 943 1017 1007 qua
1035 946 1075 990 ar

24 1021 184 1104 languore
208 1017 411 1082 consecutum
430 1021 476 1081 rei
499 1017 660 1083 deiectum
683 1021 835 1085 indicant.
889 1025 942 1086 Sic
950 1025 1075 1120 sterilis

23 1137 55 1182 et
70 1123 230 1182 emoriens
249 1133 331 1182 terra
347 1119 439 1185 Curt.
455 1131 489 1204 4,
506 1137 538 1198 7.
560 1141 616 1187 ιο.
643 1123 822 1184 Morientia
830 1118 973 1208 flurrrirta
990 1131 1073 1192 dixit

21 1225 123 1286 etiarn
151 1223 283 1286 Petron.
307 1237 388 1284 atta.
409 1235 488 1302 133.
527 1224 580 1286 Sic
606 1223 646 1285 de
669 1225 806 1305 oppidio,
829 1226 850 1286 i.
875 1247 903 1288 e.
930 1231 1070 1303 interire,

20 1323 128 1388 Rutil.
147 1326 221 1388 itin.
244 1343 273 1396 ι,
286 1333 371 1402 414.
401 1325 455 1384 ubi
480 1317 605 1398 πόλεως
620 1318 764 1396 θάνατος
779 1345 818 1387 ex
837 1327 984 1413 Lycurgo
999 1347 1071 1413 epto

22 1439 190 1507 comparat
205 1422 402 1488 Wernedori.
429 1425 541 1506 lingna
558 1419 669 1516 diserti
688 1429 817 1490 Samon.
835 1429 919 1506 264.
955 1435 1068 1496 lixum.

20 1531 72 1612 pla
89 1530 153 1590 alia
172 1528 273 1590 multa
287 1528 428 1611 conlegit
443 1529 592 1590 Barthiue
609 1529 648 1588 ad
666 1527 829 1591 Clatuliao.
851 1531 890 1591 de
914 1531 1012 1611 Olyb.
1036 1547 1070 1596 et

21 1629 122 1693 Prob.
149 1627 246 1692 Cotti.
270 1651 303 1691 v.
326 1643 410 1706 213.
465 1632 514 1690 De
537 1629 697 1710 Euphrate
723 1629 804 1692 l’iin.
822 1643 854 1705 5,
881 1647 938 1694 ttt.
967 1633 986 1696 i.
1008 1647 1066 1712 Ως.

22 1730 230 1812 simpliciter:
261 1729 452 1822 dfirairitur
472 1733 506 1790 in
526 1731 670 1808 paludes.
722 1731 859 1812 Propius
882 1737 919 1794 ad
948 1736 1067 1799 Melam

20 1833 147 1894 accedit
169 1832 375 1894 Philostratus
403 1833 436 1893 in
464 1833 529 1892 vita
559 1832 721 1915 Apollonii
749 1857 774 1902 t.
798 1849 857 1896 ao.
881 1826 939 1897 riui
964 1831 1000 1908 δ’,
1027 1831 1069 1902 οὕ

19 1933 139 2016 φασιν,
163 1928 192 2004 ἐς
206 1927 278 2006 ἕλος
295 1929 516 2018 ἀφανίζεσθαι
535 1929 576 1996 ei
600 1929 690 1998 ruiti
706 1931 767 1996 τοῦ
783 1931 982 2020 Εὐφράτου,
1010 1931 1065 2000 nei

17 2032 187 2120 τελευτᾷν
211 2029 269 2100 τὸν
297 2030 447 2122 ποταμὸν
468 2033 589 2100 τοῦτον
609 2032 639 2100 ἐν
663 2033 707 2120 ,ἦ
726 2034 780 2120 γῆ.
845 2037 939 2099 Unde
965 2041 1065 2103 etiam

19 2135 170 2200 Olearia·
191 2151 299 2219 putat,
333 2137 487 2200 Melaina
509 2137 700 2202 Philostrato
720 2137 896 2220 expreiiom
916 2139 987 2202 elie.
1055 2135 1060 2142 ”

189 2339 220 2418 §.
247 2341 282 2403 6.
326 2341 509 2403 Alterum
536 2339 677 2419 latus)
715 2339 950 2406 SinuaPerllci.
977 2345 1064 2426 quotl

17 2457 106 2506 trent
121 2441 342 2504 confluentem
358 2441 401 2504 ell
417 2443 562 2503 amnium
579 2443 612 2502 in
630 2439 785 2506 uccaiuru.
813 2461 999 2508 vantttttve.

94 2643 312 2725 excurrit)
361 2645 413 2708 Sic
432 2645 578 2708 Arrianae
592 2645 624 2706 in
644 2646 767 2728 periplo
784 2649 878 2708 marie
897 2647 1061 2728 Erythraei

15 2767 92 2833 pag.
116 2767 174 2812 tt.
189 2744 332 2826 (Hudi.)
354 2742 444 2808 noro*
462 2748 564 2834 μῆκος
586 2739 637 2811 ἐπὶ
653 2741 739 2812 πολὺ
758 2753 997 2832 παρατεῐιουσα
1021 2749 1065 2838 τῆ

13 2845 169 2938 Ἐρυθρᾷ
193 2841 359 2932 θαλάσση.
422 2847 525 2931 Magis
553 2847 671 2910 Melam
698 2849 854 2930 explicam
882 2851 1005 2912 l’liuiur
1029 2855 1062 2923 6,

18 2965 78 3031 32.
94 2949 118 3014 i,
134 2962 194 3027 ⁹8·
214 2952 269 3031 qui
287 2949 344 3010 fic:
372 2938 453 3038 ipsa
468 2941 636 3040 peninsula
649 2947 767 3010 Arabia
782 2953 864 3009 inter
879 2949 942 3010 dno
958 2973 1062 3013 tuorna

14 3049 164 3114 Rubrum
193 3046 413 3141 Persarumque
440 3070 641 3129 procurrens‚·
682 3047 772 3111 Oroi.
799 3071 824 3118 t,
851 3067 882 3111 a.
909 3071 979 3134 pag.
1008 3064 1060 3131 14.

13 3155 195 3233 (Havete.)
216 3173 297 3236 quae
315 3153 396 3214 inter
409 3145 520 3241 finum
538 3146 696 3242 Perficttm
718 3163 748 3210 et
760 3147 871 3240 finum
890 3151 1060 3212 Arabicum

15 3253 154 3348 angusto
175 3267 278 3316 terrae
292 3265 400 3314 tractu
420 3253 568 3313 orientem
591 3241 698 3341 versus
713 3246 901 3312 extenditur.
942 3255 1060 3314 Excur-

13 3357 104 3419 rebet
127 3369 236 3418 autern
261 3355 302 3415 ed
327 3353 520 3423 Characem.
556 3355 713 3438 oppidum
740 3353 852 3418 Periici
876 3353 961 3418 linus
985 3357 1059 3416 ioti-

14 3479 122 3524 mum.
145 3455 253 3546 (Plio.
269 3457 302 3528 6,
320 3469 379 3536 51.
393 3451 415 3518 l.
433 3451 517 3538 27.)

88 3657 354 3740 Eudaemon)
403 3655 558 3720 Praetulit
578 3675 691 3721 rocem
715 3657 883 3728 Graecam,
910 3677 1005 3740 quam
1028 3671 1060 3720 et

13 3762 123 3849 posuit
146 3763 231 3825 Plin.
249 3763 282 3832 6,
301 3757 395 3839 31.i.
415 3773 474 3834 27.
508 3759 638 3823 Solinus
661 3781 728 3842 cap.
748 3763 805 3839 56.
830 3758 850 3822 s.
877 3773 936 3838 53.
961 3759 1061 3820 ilaue

13 3864 172 3930 Arabiam
191 3865 306 3926 Graeci
322 3855 518 3948 εὐδαίμονα,
546 3858 647 3952 orfiti
663 3859 787 3922 beatam
804 3863 1056 3924 nominaverunt.

13 3969 140 4030 Pttntoe
158 3963 273 4028 Latine
287 3977 319 4026 et
333 3956 465 4054 felicem
488 3974 520 4022 et
539 3961 677 4024 Beatam
696 3963 811 4025 reddit.
851 3959 901 4024 (Ji.
923 3976 974 4028 tlt.
997 3977 1054 4040 3⁰·

14 4067 35 4135 ἱ
57 4079 117 4150 ¹4·
144 4078 207 4148 4¹·
236 4065 257 4129 i.
282 4075 336 4141 ¹8·
364 4075 397 4142 5,
421 4078 474 4125 ta.
501 4061 523 4126 i.
547 4082 602 4128 tt.
621 4095 672 4113 -
714 4061 800 4126 Hinc
816 4063 949 4136 Arabae,
975 4083 1057 4147 quoe

58 4181 265 4260 amputata
282 4159 515 4255 exignum
773 4165 801 4227 t
