2650 4896
156 447 503 509 inhonorant.
544 449 652 506 Lm.
696 449 815 510 nvn.
856 443 935 520 to.
1001 439 1060 502 eor

46 621 220 688 i'reinthent.
238 635 271 685 et
288 622 439 686 Collatino
456 623 493 686 ed
513 623 673 687 Curtium.
725 621 822 707 Quod
840 639 917 682 vero
937 617 1054 680 indum

44 730 99 788 einr
117 725 229 786 trutines
246 721 347 788 subire
368 724 531 796 adiiciunt.
557 724 791 787 dubitationem
806 734 918 785 movet
932 719 1052 790 iniiam.

44 827 86 888 rel
103 826 181 886 alind
203 824 342 896 flumen.
369 827 456 906 quod
474 829 507 887 in
524 827 641 888 indum
658 827 809 905 excurrit,
835 824 926 907 quale
948 840 1051 883 exem·

43 928 116 1009 plum
146 926 239 1008 paolo
272 941 345 988 ante
371 927 555 998 habuimue.
598 947 671 988 curn
698 929 779 988 indo
805 934 1051 992 commutarunt,

42 1029 169 1108 quemvis
203 1028 352 1088 Arrianae
384 1027 446 1089 hoc
477 1047 544 1090 non
576 1029 743 1090 admittere
768 1028 898 1089 videtur
922 1036 1053 1108 propter

42 1127 191 1191 Alexandri
213 1127 262 1191 M.
284 1125 527 1212 progreffionem
550 1129 625 1192 inde
649 1129 688 1190 ed
706 1126 854 1206 Nysaeos.
893 1123 1051 1189 Aeolide

42 1247 131 1290 tutem
153 1229 228 1288 dicti
251 1226 321 1289 sunt
344 1232 486 1300 incolae.
512 1245 544 1292 et
563 1230 667 1314 gentio
688 1229 876 1313 dignitatem
898 1221 1050 1288 adiumie·

42 1342 103 1391 tunt
125 1329 278 1410 Calingae
304 1331 441 1410 proximi
465 1335 546 1393 ntori
573 1331 657 1394 Ptin.
680 1333 712 1400 6.
738 1347 795 1394 21.
817 1327 837 1390 i.
863 1343 917 1402 17.
958 1322 1051 1408 Apud

14 1491 15 1498 ,
42 1429 209 1492 Strabonem
229 1442 285 1507 ¹5·
308 1451 339 1514 p.
357 1441 442 1510 474.
462 1429 483 1496 [.
501 1433 585 1512 689.
609 1423 759 1495 Komarei
784 1448 842 1515 pro
871 1415 1052 1493 limitanei.

41 1543 71 1591 ot
87 1532 252 1615 legendum
275 1533 358 1592 vidit
377 1531 502 1598 Salmad.
518 1535 549 1594 in
566 1535 667 1597 Soiin.
681 1553 713 1616 p.
729 1553 773 1595 m.
792 1543 875 1610 783.
897 1527 1052 1612 probante

43 1629 171 1694 Pentelio
186 1631 224 1694 ad
239 1631 429 1695 Strabonem
451 1633 521 1698 Vol.
535 1645 571 1713 4.
593 1655 625 1718 p.
644 1649 753 1698 onor.
779 1632 835 1692 nbi
855 1641 965 1694 monet
983 1627 1053 1686 Kro-

44 1729 145 1816 λίγγας
161 1735 283 1795 Aeliani
300 1731 378 1796 Hiii.
395 1736 455 1797 dn.
472 1737 526 1807 16.
546 1745 601 1814 ιθ.
617 1733 746 1799 eoadem
761 1733 874 1795 videri.
907 1732 957 1794 An
974 1743 1051 1792 vero

42 1831 92 1894 hoo
105 1831 210 1896 Kotor
226 1834 382 1917 Stephani
397 1835 430 1896 h.
447 1855 481 1900 v.
503 1835 636 1920 quoted
653 1831 823 1898 Cannium
837 1831 939 1914 ponit.
957 1827 1053 1912 perti·

43 1947 138 2004 orant.
161 1929 296 2019 Κόλχοι
315 1955 410 2018 porro
426 1937 526 2000 iidem
549 1937 625 1998 dicti
642 1936 714 2006 iint.
738 1949 774 1996 ut
790 1935 901 1995 multis
920 1933 1051 2014 probare
1076 1999 1082 2014 ,

44 2033 125 2096 dodet
140 2035 265 2098 Salmas.
286 2039 319 2098 in
335 2036 437 2101 Solio.
453 2058 485 2122 p.
499 2059 544 2102 m.
561 2047 645 2117 783.
668 2038 701 2099 id
718 2037 752 2098 in
774 2035 907 2097 dubium
923 2029 1054 2095 vocavit

44 2131 149 2198 tostus
169 2137 206 2199 ad
225 2137 344 2199 Melam
359 2139 391 2200 h.
409 2138 431 2202 l.
482 2141 604 2201 ineerta
629 2138 699 2200 sunt
718 2139 771 2201 itta
791 2138 936 2220 quidem.
962 2129 1053 2194 etad

46 2237 218 2300 coniecturae
233 2241 379 2300 redeunt.
404 2239 585 2310 Caucasum.
601 2241 638 2302 ad
654 2259 749 2323 quern
764 2235 1053 2321 ponitStephantte.

45 2336 72 2395 in
88 2339 203 2400 indiam
229 2339 411 2401 tranelatum
436 2341 495 2403 effe
517 2341 651 2412 coniiat.
680 2355 712 2403 et
734 2341 808 2401 hino
828 2337 909 2399 forte
928 2334 999 2398 Coti
1021 2343 1053 2394 et

48 2435 156 2512 cotctt.
187 2459 325 2521 qnorum
348 2441 394 2501 illi
414 2435 558 2504 limitavi
579 2438 649 2502 innt
667 2441 749 2523 apud
770 2440 930 2518 Soyiaoem
946 2456 977 2518 p.
995 2447 1053 2514 31.

46 2537 127 2600 lindi.
163 2543 315 2601 Itaenim
339 2543 412 2625 lego
435 2538 642 2628 proliopnoj.
681 2543 909 2604 Situtneutern
932 2535 1055 2600 Colidie

47 2635 104 2701 htit
118 2641 284 2704 declaravit
298 2641 419 2712 Noster.
445 2643 711 2726 consentiuntque
731 2643 782 2703 alii
804 2641 855 2703 vei
873 2637 996 2707 nisena.
1019 2647 1055 2696 ut

15 2731 16 2740 ¹
48 2739 161 2820 Dionys.
178 2763 210 2805 v.
227 2755 332 2821 ¹¹48·
347 2777 385 2791 -
406 2745 457 2806 vel
475 2743 625 2806 adhibitio
643 2745 676 2806 in
692 2745 828 2806 notanda
843 2734 1055 2824 progressione

48 2839 137 2904 verbio
158 2845 239 2906 aliie.
292 2845 345 2905 Sic
368 2843 450 2906 Ptin.
468 2845 501 2916 6.
524 2861 580 2908 oo.
601 2843 621 2906 i.
644 2863 696 2924 ¹9·
720 2849 748 2906 A
772 2844 882 2922 Gange
903 2830 993 2930 verso
1012 2835 1056 2898 ad

49 2941 184 3004 meridiem
205 2945 318 3026 pingo.
354 2943 529 3008 Priscianus
549 2949 583 3006 in
603 2946 720 3030 perieg.
739 2965 770 3007 r.
787 2955 869 3024 595.
899 2941 954 3002 ubi
979 2939 1055 2999 Dio·

49 3041 136 3118 nyfiut
154 3045 269 3109 Colida
282 3042 386 3116 habet.
412 3047 650 3128 interpretatur:
682 3047 769 3108 Hinc
786 3063 913 3125 proram
934 3055 1058 3100 conver·-

49 3153 104 3203 tens
116 3148 206 3208 trevir
222 3145 267 3207 ad
281 3145 414 3240 nostros.
449 3147 514 3231 Qui
532 3164 639 3210 contra
654 3149 808 3216 tendunt.
829 3145 868 3204 ab
887 3138 967 3204 Indo
982 3137 1057 3202 inde

50 3257 209 3308 extremum
232 3249 384 3331 anguium
406 3249 539 3310 orientis
560 3247 696 3318 iaciunt.
728 3247 780 3307 vel
804 3244 996 3310 terminum.
1021 3251 1059 3302 ut

50 3341 144 3410 Strabo
166 3361 220 3427 ¹5·
235 3368 268 3430 p.
282 3357 367 3428 474.
387 3345 406 3410 i.
423 3351 506 3428 689·
561 3349 604 3411 Er
620 3349 658 3410 fic
680 3345 768 3411 Oroi.
789 3366 816 3418 r.
835 3361 866 3408 o.
885 3365 916 3426 p.
936 3355 989 3404 ro.
1007 3337 1058 3402 ed.

51 3440 166 3511 Hanero.
190 3449 332 3510 domitii
352 3451 389 3510 ad
406 3449 528 3510 Eorum
545 3449 666 3511 subiicit
686 3447 818 3510 infulam
839 3442 1058 3526 Taprobanen.

51 3561 135 3628 equa
151 3551 258 3612 vocari
279 3569 414 3612 oceanue
430 3551 558 3614 indicna
573 3551 701 3632 incipit.
727 3567 823 3630 quern
841 3545 931 3628 iupra
947 3541 1060 3605 Noster

51 3646 84 3705 td
105 3651 244 3713 indicum
277 3649 409 3733 spectare
434 3652 564 3715 dixerat.
621 3651 794 3714 D‘doviile
818 3671 849 3734 p.
873 3659 951 3722 to3.
975 3643 1060 3704 Colis

54 3743 248 3832 deprehendit
269 3753 302 3814 in
326 3751 432 3813 Indior
452 3773 533 3816 voce
557 3751 646 3823 Kott.
681 3771 758 3832 qnae
781 3763 869 3810 notat
893 3744 1059 3826 templum.

53 3853 183 3927 quodibi
197 3855 285 3916 Dete
301 3853 452 3915 Romarm
471 3851 686 3916 consecratum
706 3849 759 3914 eii.
803 3850 881 3912 inde
898 3859 985 3930 putat
1003 3843 1061 3908 eiie

53 3945 137 4015 hodie
151 3953 423 4016 Bormanon-Keil
442 3952 618 4036 refutatqne
641 3973 710 4037 pag.
735 3961 813 4028 124.
835 3969 900 4020 ooo,
926 3949 982 4030 qui
1005 3948 1064 4008 Co·

55 4057 144 4114 ntorin
165 4068 325 4138 putarunt.
353 4054 442 4116 velut
464 4057 662 4119 Hardoinum
678 4053 715 4114 ad
732 4053 815 4134 Ptin,
833 4051 866 4122 6.
889 4061 947 4129 24.
966 4046 986 4112 i.
1006 4062 1063 4110 on.

55 4147 232 4219 honhartnm
257 4159 292 4218 in
310 4156 463 4222 chanaan
484 4179 513 4232 r.
538 4157 598 4242 46.
625 4157 765 4238 aliosque
788 4151 872 4239 apud
897 4149 1066 4218 ortelium.

1277 4221 1311 4308 A
