2650 4896
165 383 224 443 tn
251 383 390 442 roua.
419 385 527 444 nat.
568 385 677 442 Lau.
719 385 824 449 cvr.
866 386 944 464 t9.
1019 401 1081 467 ⁸25

22 554 180 630 venisse,
218 555 378 643 quivero
406 553 555 643 quamvis
582 554 720 620 omnino
741 555 881 624 insulam
902 559 938 624 in
961 561 1079 630 ultimo

21 656 277 743 septemtrione
301 656 348 721 ita
371 658 463 744 saepe
484 657 653 733 vocarint,
690 677 723 722 et
746 659 825 724 hine
845 659 880 725 in
903 665 962 726 litu
983 669 1078 730 valde

21 760 241 844 discrepent.
300 763 489 844 Sequuntur
512 775 623 822 autem
646 761 714 824 sere
736 759 938 846 antiquiores
961 767 1077 832 Graeci

22 877 55 924 et
79 859 242 924 Romani
267 859 493 925 auctoritatem
517 863 660 940 Pytheae
684 861 900 938 Massiliensis,
928 865 985 952 qui
1007 889 1078 933 eam

21 965 53 1026 se
82 961 214 1026 adiisse
240 977 274 1024 et
299 961 485 1046 cognovisse
510 961 629 1046 scripto
659 961 866 1047 prodiderat,
900 967 954 1029 sed
978 969 1079 1036 homo

21 1061 310 1128 mendacissrmue
339 1061 505 1126 iudicatur
527 1078 559 1126 et
580 1061 696 1128 acriter
720 1063 931 1149 impugnatur
954 1089 971 1130 a
993 1073 1079 1134 Stra·

22 1169 120 1230 bone
146 1189 177 1230 r.
198 1187 231 1249 p.
249 1177 309 1247 43.
326 1165 347 1228 s.
366 1167 424 1242 63.
475 1165 571 1227 Plura
595 1165 719 1228 dabunt
741 1167 782 1228 de
802 1187 843 1230 eo
866 1167 1003 1255 eiusque
1027 1170 1079 1235 iti·

21 1289 109 1331 uere
136 1265 278 1330 histoire
298 1263 442 1328 literaire
464 1265 505 1328 de
525 1267 648 1329 France
669 1269 705 1332 P.
727 1290 755 1331 1.
779 1289 811 1352 p.
830 1281 871 1350 7·¹
894 1271 958 1355 sqq.
992 1272 1079 1336 Bou·

20 1367 201 1453 gainville
219 1366 254 1430 in
269 1364 445 1430 memoirea
459 1399 511 1416 -
525 1367 566 1430 de
580 1365 670 1431 Paria
686 1371 782 1432 Tom.
805 1389 859 1456 ¹9·
875 1393 906 1454 p.
928 1369 996 1450 146
1012 1373 1077 1458 sqq.

21 1469 209 1534 rl’Anville
222 1466 349 1531 ibidem
365 1470 463 1536 Tom.
480 1483 536 1550 57.
553 1491 584 1553 p.
598 1467 672 1549 436
690 1470 754 1556 sqq.
784 1471 916 1548 Murray
933 1470 967 1534 in
983 1472 1080 1540 novit

23 1587 262 1636 commentar.
281 1567 389 1632 societ.
413 1567 578 1653 Goetting.
602 1573 641 1634 T.
656 1574 688 1636 6.
713 1574 748 1634 P.
770 1591 799 1634 a.
817 1593 887 1656 pag.
904 1587 950 1659 59
967 1611 1004 1623 —
1019 1577 1077 1652 63.

25 1675 221 1750 89-86.
249 1668 409 1733 Foumier
429 1667 463 1732 in
479 1670 730 1756 Hydrographie
748 1695 779 1755 p.
798 1693 865 1736 eeu
882 1675 947 1758 sqq.
963 1657 1077 1752 et'alii,

25 1795 119 1861 quoe
146 1773 306 1844 laudant,
335 1769 384 1834 uti
401 1769 499 1834 etiam
515 1775 657 1856 Wagner
676 1773 715 1833 ad
732 1772 870 1836 Guthrie
890 1777 964 1858 allg.
980 1779 1079 1838 Welt·

26 1876 157 1940 Gesch.
178 1875 222 1937 T.
247 1875 300 1937 26.
317 1873 354 1936 P.
370 1895 397 1936 t.
414 1893 486 1956 pag.
505 1883 540 1954 4.
593 1873 787 1938 Tradiderat
802 1891 923 1948 autem,
945 1878 1078 1940 Thulen
1121 1903 1125 1910 ·

25 1981 50 2042 6
81 1975 230 2038 dierum
263 1971 473 2057 navigatione
505 1973 541 2036 in
571 1973 838 2058 septemtrionem
869 1976 1081 2042 allritannia

25 2077 157 2142 distare
177 2091 213 2138 et
227 2077 395 2158 congelato
410 2073 492 2137 mari
509 2073 654 2138 vicinam
670 2077 741 2138 else.
776 2075 826 2140 Cf.
843 2079 957 2142 Strabo
973 2077 1029 2142 lib.
1051 2101 1079 2144 1.

25 2203 55 2245 c.
73 2183 99 2242 l.
132 2177 226 2242 Plin.
243 2191 277 2250 o,
295 2190 352 2254 77.
392 2179 435 2238 Et
450 2179 491 2238 fic
506 2174 561 2238 alii
583 2175 674 2240 varie
691 2177 799 2240 versuo
815 2177 1080 2262 septemtrionem

25 2295 195 2366 ponunt,
237 2294 271 2340 et
304 2273 455 2338 ultimam
487 2277 615 2340 faciunt
645 2276 843 2352 insularum,
884 2279 934 2341 uti
967 2279 1079 2364 Virgil.

26 2385 165 2464 Georg.
189 2402 219 2452 ι,
237 2395 296 2456 50.
322 2375 408 2440 Plin.
424 2389 460 2458 4,
478 2393 535 2456 30.
570 2377 673 2443 Solin.
693 2393 749 2458 25.
772 2379 792 2442 s.
812 2398 867 2444 oe.
897 2379 1080 2445 Martianus

26 2481 91 2546 lib.
112 2485 153 2546 6.
174 2503 271 2565 pm.
289 2495 372 2558 215.
431 2481 494 2542 Per
517 2477 687 2543 infinitum
717 2501 734 2542 a
761 2479 877 2544 ceteri·
903 2483 1082 2566 separatam

26 2581 157 2647 medio
183 2583 318 2645 Oceano
339 2597 371 2642 et
390 2577 503 2663 paucio
520 2595 634 2644 notam
658 2579 741 2644 dicit
761 2582 851 2646 Oros.
872 2605 901 2654 t,
919 2603 949 2646 e.
971 2606 1003 2668 p.
1023 2594 1080 2661 28.

26 2687 228 2767 (Haverc.)
253 2683 343 2744 unde
359 2683 412 2744 soa
429 2682 532 2744 haustt
544 2680 700 2746 Aethicua
716 2703 743 2746 c.
762 2685 783 2745 l.
828 2681 974 2746 Maxime
990 2682 1082 2748 enim

30 2783 203 2848 omnium
232 2783 341 2845 versus
372 2781 636 2866 septemtrionem
668 2787 756 2846 srtarn
791 2784 976 2846 credebant.
1028 2785 1081 2849 Os.

29 2887 162 2951 Strabo
179 2895 216 2964 4.
235 2905 306 2968 pag.
331 2899 408 2967 150.
427 2883 448 2944 s.
468 2901 548 2947 eor.
598 2883 691 2947 Nihil
718 2881 821 2966 magis
852 2887 982 2948 boreale
1009 2887 1080 2959 esse,

30 3007 186 3072 eamque
215 2987 261 3062 63
288 2983 442 3068 gradibus
469 2985 507 3046 ab
533 3001 707 3070 aequatore
738 2985 851 3048 ‹liliare
876 2987 1081 3070 Agathemer.

38 3110 79 3161 a,'
95 3101 134 3166 8.
161 3083 263 3150 uniut
287 3083 354 3146 diei
375 3081 583 3167 navigatione
603 3084 721 3147 amari
742 3103 899 3150 concreto
918 3087 937 3150 s.
956 3084 1080 3150 Cronio

31 3189 131 3254 Plin.
148 3200 188 3268 4,
212 3203 270 3268 50.
293 3187 313 3250 s.
337 3183 389 3248 ιδ.
425 3183 527 3249 Solin.
547 3201 602 3264 25.
628 3187 648 3250 s.
670 3207 726 3250 nu.
753 3185 903 3250 Martian.
920 3209 947 3250 c.
966 3189 987 3249 l.
1009 3185 1082 3250 scri-

34 3293 142 3354 bunt.
183 3291 234 3350 De
252 3283 335 3349 mari
358 3301 467 3348 autem
484 3284 541 3348 illo
561 3285 628 3350 vid.
646 3285 730 3351 Plin.
746 3299 781 3368 4,
799 3303 854 3368 27.
871 3287 891 3350 s.
913 3303 966 3364 15.
993 3289 1083 3351 unde

36 3394 201 3475 adparet,
228 3386 396 3472 glacialem
413 3387 473 3450 else
487 3387 676 3462 Oceanum,
704 3405 832 3474 atquae
849 3385 975 3450 notavit
990 3387 1083 3450 Dith·

37 3515 118 3556 mar
133 3493 176 3552 ad
195 3487 302 3552 Taciti
317 3489 426 3550 Germ.
442 3509 511 3572 cap.
527 3499 586 3566 45.
603 3486 649 3554 in.
687 3493 773 3552 luter
790 3487 1083 3572 septemtrionalem

39 3609 77 3656 et
106 3587 351 3654 occidentalem
377 3591 507 3672 plagam
531 3590 614 3652 ultra
644 3587 848 3653 Britanniam
876 3593 964 3652 snam
988 3589 1086 3652 refert

40 3694 160 3758 isidor.
176 3711 204 3754 c.
222 3694 242 3754 l.
270 3705 307 3752 ut
325 3686 457 3750 Servius
474 3689 515 3750 ad
532 3687 643 3772 Virgil.
661 3712 688 3754 c.
705 3694 726 3754 l.
772 3691 813 3753 At
830 3689 862 3752 in
879 3689 996 3751 ultimo
1018 3692 1083 3774 pla·

41 3815 106 3878 gae
131 3787 349 3854 occidentalia
373 3787 514 3852 termino
535 3792 710 3853 lornantlea
728 3791 767 3854 de
789 3793 854 3852 reb.
873 3793 943 3852 Get.
964 3813 1035 3874 cap.
1055 3815 1084 3854 r.

43 3893 105 3980 qui
125 3891 163 3954 in
181 3909 272 3976 parte
286 3887 540 3973 septemtrionali
560 3889 630 3953 eius
650 3888 772 3956 Oceani
788 3889 961 3952 Scarnliarn
979 3889 1084 3974 ponit,

46 4011 81 4058 et
96 3997 140 4056 stc
157 3995 246 4056 hanc
261 3990 364 4074 magis
382 3992 546 4052 borealem
563 3989 650 4056 sacit.
690 3989 756 4076 Qui
774 4013 790 4052 a
805 3987 974 4053 Britannia
991 3995 1084 4055 satum

46 4093 219 4168 iudicant,
252 4113 321 4156 non
348 4089 458 4154 minus
483 4089 620 4156 variant.
670 4095 719 4158 Ab
742 4089 869 4156 oriente
895 4091 965 4157 eius
990 4091 1089 4178 ponit

97 4211 198 4289 amp.
216 4208 308 4266 Meta
330 4209 445 4284 araga.
460 4209 498 4263 t.
510 4209 564 4264 ιιι.
803 4193 829 4254 Ρ
