2758 4902
300 447 343 536 9⁶
571 445 733 508 norro
770 445 1077 508 oxeoearcra

302 629 343 694 lic
369 621 464 689 codd.
490 619 622 705 quidam
653 621 688 682 in
722 619 910 684 Mamertini
943 621 1085 708 genethl.
1122 623 1370 688 Maximiniani

303 750 371 811 cap.
391 724 446 792 16.
461 721 484 788 s.
509 723 566 784 obl
582 721 642 784 esi:
668 721 815 784 horridus
828 721 917 786 Albis
930 715 1025 817 secor
1042 727 1276 796 Germaniam.
1317 725 1370 792 Cf.

302 825 429 897 Salmas.
447 827 486 888 ad
505 823 662 907 Spartiani
678 824 812 886 Didium
830 825 944 889 Iollan.
960 845 987 890 c.
1009 845 1039 892 t.
1085 830 1167 891 Inde
1189 829 1370 890 Germani·

302 953 359 996 cus
390 941 523 992 vocatur
554 928 588 987 in
623 926 736 988 incerti
771 944 922 1012 panegyr.
950 929 990 989 ad
1024 928 1255 994 Constantio.
1282 935 1369 1016 Aug.

305 1055 373 1120 cap.
391 1046 449 1095 nt.
466 1028 489 1092 s.
539 1027 672 1090 Tacitae
698 1029 738 1090 de
765 1026 874 1090 Germ.
901 1026 1212 1119 cap.41.stumer1.
1246 1034 1369 1114 inquit.

304 1135 446 1200 inclitum
462 1143 616 1192 cenorum
632 1127 723 1200 olt'm,
750 1149 834 1190 nunc
849 1141 975 1193 rantum
992 1131 1135 1197 auditur.
1179 1133 1369 1218 Originem

305 1239 360 1302 hic
375 1236 469 1319 ponit
488 1235 521 1293 in
537 1231 788 1302 Hermunduris.
816 1233 900 1313 quod
921 1234 1074 1314 prolixiue
1089 1237 1274 1320 impugnat
1292 1235 1369 1299 ctu·

306 1340 414 1404 verine
432 1351 465 1412 3.
483 1345 541 1411 28.
556 1354 588 1414 p.
601 1333 673 1410 608
690 1331 732 1415 sq.
754 1345 802 1403 et.
830 1346 864 1394 ut
882 1333 1121 1406 Ptolemaeum.
1148 1337 1367 1399 Moldaviam

305 1461 365 1528 pro
399 1438 472 1502 Albi
507 1432 645 1496 habuisse
672 1433 843 1504 existimat,
884 1437 955 1516 quia
986 1438 1213 1499 Hermunduri
1253 1437 1367 1502 versae

262 1628 269 1640 ι
306 1562 378 1609 eam
416 1536 627 1602 consederint.
689 1535 848 1618 Spenerue
873 1552 905 1607 Ω.
932 1555 965 1607 2.
992 1557 1047 1602 to.
1075 1561 1145 1624 pag.
1171 1553 1240 1618 75.
1271 1557 1307 1603 et
1332 1553 1364 1617 5,

308 1647 342 1716 6,
364 1657 398 1723 3.
417 1663 450 1724 p.
472 1648 553 1717 124.
570 1637 692 1719 Egrom
709 1655 783 1698 cum
799 1635 871 1699 Albi
891 1639 1117 1703 commiscuilse
1141 1655 1252 1725 putat.
1303 1643 1364 1704 Pro

307 1747 421 1810 Tacito
442 1757 549 1804 tamen
576 1751 735 1824 pugnetur
756 1740 791 1800 in
817 1741 879 1801 den
897 1741 1179 1818 ileonliverilchen
1202 1745 1282 1806 Gel.
1303 1746 1363 1805 dn·

307 1849 389 1934 zeig.
406 1864 457 1908 an.
479 1853 584 1920 1750.
605 1863 637 1924 p.
654 1850 713 1920 54.
764 1838 901 1905 inferior
922 1863 999 1932 vero
1016 1845 1054 1906 ad
1075 1845 1182 1906 Albim
1205 1844 1363 1906 habitasse

309 1951 408 2014 docet
420 1947 560 2009 Velleius
576 1959 610 2014 Ω,
630 1945 721 2010 106..
737 1940 792 2002 ubi
814 1943 874 2005 ila:
890 1939 1016 2032 flumen
1030 1943 1129 2017 Albis,
1152 1949 1214 2030 qui
1233 1950 1360 2010 Semno-

308 2073 385 2116 num
402 2044 753 2128 Hermundurorumque
765 2041 851 2135 fines
871 2041 1079 2133 praeterfluit,
1103 2049 1229 2132 etpost
1248 2050 1360 2109 Vibirre

311 2154 406 2234 Sequ.
424 2170 455 2232 p.
474 2160 506 2225 5.
525 2146 644 2208 Suevos
659 2165 680 2204 o
700 2137 866 2238 Cheruscis
880 2147 1016 2220 dividar
1041 2153 1196 2230 mergitur
1212 2154 1250 2212 irr
1264 2150 1358 2214 ocea-

310 2274 398 2318 num.
448 2250 492 2311 Et
513 2248 553 2309 sic
574 2244 688 2308 Strabo
705 2261 738 2319 7.
759 2266 790 2328 p.
810 2263 892 2310 eor.
912 2247 931 2311 s.
952 2267 1033 2328 ⁹90·
1052 2251 1085 2310 in
1111 2251 1285 2314 Oceanum
1309 2252 1359 2311 tle·

312 2355 416 2424 ducit.
450 2364 483 2414 et
513 2362 599 2411 trane
630 2367 707 2410 eum
740 2348 985 2411 Hermunduros
1011 2353 1166 2416 conlocat.
1219 2354 1356 2416 Chattoe

311 2459 408 2521 etiarn
429 2449 590 2536 adtigiffe,
622 2448 753 2511 discitur
772 2469 811 2512 ex
829 2453 955 2513 Sidonii
973 2452 1079 2534 Apoll.
1103 2473 1200 2516 carm.
1221 2471 1255 2527 7.
1275 2468 1355 2532 30⁹·

311 2558 426 2621 Medio
443 2573 540 2623 aevo,
573 2563 611 2612 ut
632 2553 665 2612 in
683 2551 787 2613 annal.
805 2550 911 2613 Caroli
933 2553 978 2613 Μ.
1002 2556 1036 2614 in
1056 2555 1198 2616 verlibne
1219 2557 1258 2616 ad
1283 2574 1353 2616 anu.

314 2667 399 2739 798.
416 2654 508 2719 Albia
523 2653 719 2714 nominatur.
755 2652 796 2714 H.
813 2651 900 2723 Elbo,
922 2655 1035 2735 dequo
1050 2658 1158 2716 omnia
1176 2654 1252 2717 sunt
1269 2668 1354 2717 nota.

311 2762 365 2824 De
382 2759 516 2822 nornine
531 2753 571 2818 cs.
588 2752 764 2839 Longoliue
779 2754 819 2815 ad
835 2756 936 2818 Tacit.
952 2756 991 2818 de
1007 2757 1114 2820 Germ.
1129 2776 1196 2841 cap.
1216 2769 1280 2840 41.

480 2961 573 3040 §.lp
628 2955 821 3020 Codanus
848 2947 997 3048 sinus)
1047 2960 1129 3043 Quia
1152 2957 1217 3021 fere
1240 2958 1295 3027 lit.
1322 2967 1353 3017 et

314 3082 410 3150 quarn
426 3062 491 3123 late
506 3071 625 3144 pateat.
648 3059 850 3140 disceptetur.
888 3059 1015 3120 Primus
1031 3060 1114 3123 Nleia
1130 3063 1200 3125 eine
1216 3059 1352 3121 mentio·

314 3185 393 3230 nent
407 3161 500 3233 iecit,
526 3181 623 3242 quem
645 3161 769 3241 excepit
786 3161 909 3222 Plinius
923 3171 957 3240 4.
978 3175 1035 3234 27.
1056 3160 1076 3225 s.
1098 3177 1151 3239 13.
1178 3165 1267 3244 plora
1288 3161 1352 3218 iam

316 3269 460 3332 edoctue.
498 3265 546 3324 lta
562 3280 640 3324 vero
654 3262 715 3328 ille.
737 3261 814 3322 dum
830 3281 846 3322 a
862 3261 1108 3343 septemtrionali
1128 3265 1259 3326 Oceano
1281 3277 1351 3344 pro·

315 3367 432 3454 gressus
447 3364 484 3428 od
501 3365 671 3427 Codanum
687 3363 788 3423 linunt
806 3366 969 3446 pervenit:
998 3365 1098 3426 Suevo
1114 3385 1213 3437 mons,
1227 3361 1348 3444 inquit·

144 3497 152 3512 =
254 3523 258 3528 .
316 3468 360 3533 ibi
381 3457 564 3558 immansio,
598 3485 654 3527 trec
677 3465 831 3545 slltipaeis
857 3467 941 3546 iugis
970 3466 1087 3536 minor.
1119 3468 1285 3528 imrrrartem
1306 3457 1349 3522 ad

318 3568 515 3636 Cirrrbrorum
530 3587 627 3649 usque
644 3567 893 3645 promontorium
915 3560 1010 3662 efficit
1025 3565 1143 3657 finurrt.
1172 3570 1228 3653 qui
1246 3561 1346 3628 codo

315 3693 377 3736 nus
402 3670 530 3739 dicitur.
555 3659 694 3756 refertus
716 3659 836 3756 irrfltsir.
867 3687 1001 3749 priorum
1025 3664 1194 3759 clariffima
1220 3661 1344 3729 Scandi-

316 3774 416 3836 uavio
438 3769 493 3863 ess.
530 3767 662 3832 Solinus
678 3787 744 3849 cap.
765 3781 821 3846 25.
837 3765 857 3828 s.
875 3784 933 3832 20.
951 3771 1113 3850 Seronem
1130 3785 1272 3832 montem
1290 3761 1343 3823 ini·

317 3877 400 3935 tium
426 3872 612 3934 Germaniae
636 3868 709 3930 iacit
732 3887 747 3928 a
767 3865 1019 3950 septemtrione..
1043 3871 1097 3932 ulti
1119 3885 1206 3932 erant
1226 3861 1342 3933 Cimbri

317 3989 351 4038 et
364 3974 526 4042 Teutoni.
553 3967 613 4033 nec
629 3972 779 4052 llltipaeie
794 3971 926 4033 collibus
947 3973 1105 4033 minorem
1121 3973 1180 4034 else
1197 3973 1339 4034 adfirmas.

316 4072 454 4140 Diverso
470 4071 559 4135 cursu
575 4071 687 4134 Noster
701 4070 779 4132 insra
798 4085 829 4152 3.
846 4073 878 4140 6.
896 4087 928 4146 7.
951 4091 967 4132 a
982 4073 1145 4134 Britannia
1162 4076 1198 4134 ad
1215 4075 1339 4133 Haemo·

317 4179 373 4242 dae
394 4177 471 4240 inde
494 4175 534 4237 ad
559 4173 684 4238 Codani
710 4173 794 4237 linue
819 4171 952 4247 insulae.
985 4176 1024 4238 ad
1047 4177 1230 4240 Sarmaticae
1253 4183 1283 4233 et
1303 4165 1339 4228 lic
