<?xml version="1.0" encoding="UTF-8"?>
<!DOCTYPE html PUBLIC "-//W3C//DTD XHTML 1.0 Transitional//EN"
    "http://www.w3.org/TR/xhtml1/DTD/xhtml1-transitional.dtd">
<html xmlns="http://www.w3.org/1999/xhtml" xml:lang="en" lang="en">
 <head>
  <title>
</title>
<meta http-equiv="Content-Type" content="text/html;charset=utf-8" />
  <meta name='ocr-system' content='tesseract 3.04.00' />
  <meta name='ocr-capabilities' content='ocr_page ocr_carea ocr_par ocr_line ocrx_word'/>
</head>
<body>
  <div class='ocr_page' id='page_1' title='image "./pomponiimelaede03melagoog_0227.png"; bbox 0 0 2650 4896; ppageno 0'>
   <div class='ocr_carea' id='block_1_1' title="bbox 96 407 1040 483">
    <p class='ocr_par' dir='ltr' id='par_1_1' title="bbox 96 407 1040 483">
     <span class='ocr_line' id='line_1_1' title="bbox 96 407 1040 483; baseline 0.004 -17"><span class='ocrx_word' id='word_1_1' title='bbox 96 408 455 470; x_wconf 67' lang='lat' dir='ltr'><strong>reuocauerat.</strong></span> <span class='ocrx_word' id='word_1_2' title='bbox 496 410 605 468; x_wconf 69' lang='lat' dir='ltr'><strong>utu.</strong></span> <span class='ocrx_word' id='word_1_3' title='bbox 647 409 752 472; x_wconf 76' lang='lat' dir='ltr'><strong>nvt-</strong></span> <span class='ocrx_word' id='word_1_4' title='bbox 793 407 872 480; x_wconf 67' lang='lat' dir='ltr'><strong>tr·</strong></span> <span class='ocrx_word' id='word_1_5' title='bbox 892 419 923 483; x_wconf 83' lang='lat'><strong>8·</strong></span> <span class='ocrx_word' id='word_1_6' title='bbox 978 419 1040 470; x_wconf 78' lang='lat' dir='ltr'><strong>aer</strong></span> 
     </span>
    </p>
   </div>
   <div class='ocr_carea' id='block_1_2' title="bbox 6 579 1043 1177">
    <p class='ocr_par' dir='ltr' id='par_1_2' title="bbox 6 579 1043 1177">
     <span class='ocr_line' id='line_1_2' title="bbox 8 579 1041 652; baseline -0.004 0"><span class='ocrx_word' id='word_1_7' title='bbox 8 581 135 652; x_wconf 81' lang='lat' dir='ltr'><strong>diversae</strong></span> <span class='ocrx_word' id='word_1_8' title='bbox 158 586 316 648; x_wconf 87' lang='lat' dir='ltr'><strong>nationea</strong></span> <span class='ocrx_word' id='word_1_9' title='bbox 337 581 476 648; x_wconf 85' lang='lat' dir='ltr'><strong>habitere</strong></span> <span class='ocrx_word' id='word_1_10' title='bbox 499 579 595 646; x_wconf 90' lang='lat' dir='ltr'><strong>resert</strong></span> <span class='ocrx_word' id='word_1_11' title='bbox 614 581 788 646; x_wconf 82' lang='lat' dir='ltr'><strong>Ioruanrlee</strong></span> <span class='ocrx_word' id='word_1_12' title='bbox 811 581 853 646; x_wconf 84' lang='lat' dir='ltr'><strong>de</strong></span> <span class='ocrx_word' id='word_1_13' title='bbox 874 583 942 648; x_wconf 90' lang='lat' dir='ltr'><strong>reb.</strong></span> <span class='ocrx_word' id='word_1_14' title='bbox 966 583 1041 650; x_wconf 87' lang='lat' dir='ltr'><strong>Get.</strong></span> 
     </span>
     <span class='ocr_line' id='line_1_3' title="bbox 7 685 1043 770; baseline -0.004 -18"><span class='ocrx_word' id='word_1_15' title='bbox 7 709 66 770; x_wconf 89' lang='lat' dir='ltr'><strong>cap.</strong></span> <span class='ocrx_word' id='word_1_16' title='bbox 83 701 115 768; x_wconf 81' lang='lat'><strong>5.</strong></span> <span class='ocrx_word' id='word_1_17' title='bbox 146 705 292 767; x_wconf 88' lang='lat' dir='ltr'><strong>quarum</strong></span> <span class='ocrx_word' id='word_1_18' title='bbox 314 699 335 760; x_wconf 87' lang='lat'><em>7</em></span> <span class='ocrx_word' id='word_1_19' title='bbox 362 699 485 747; x_wconf 89' lang='lat' dir='ltr'><strong>tantum</strong></span> <span class='ocrx_word' id='word_1_20' title='bbox 508 685 640 748; x_wconf 88' lang='lat' dir='ltr'><strong>uomina</strong></span> <span class='ocrx_word' id='word_1_21' title='bbox 662 697 881 748; x_wconf 79' lang='lat' dir='ltr'>memorentur</span> <span class='ocrx_word' id='word_1_22' title='bbox 901 705 917 746; x_wconf 88' lang='lat' dir='ltr'><strong>a</strong></span> <span class='ocrx_word' id='word_1_23' title='bbox 935 685 1043 748; x_wconf 88' lang='lat' dir='ltr'><strong>Ptole·</strong></span> 
     </span>
     <span class='ocr_line' id='line_1_4' title="bbox 8 784 1042 870; baseline -0.002 -18"><span class='ocrx_word' id='word_1_24' title='bbox 8 807 100 860; x_wconf 85' lang='lat' dir='ltr'><strong>maen,</strong></span> <span class='ocrx_word' id='word_1_25' title='bbox 128 787 185 849; x_wconf 88' lang='lat' dir='ltr'><strong>etsi</strong></span> <span class='ocrx_word' id='word_1_26' title='bbox 200 805 297 850; x_wconf 87' lang='lat' dir='ltr'><strong>nunc</strong></span> <span class='ocrx_word' id='word_1_27' title='bbox 313 792 361 866; x_wconf 72' lang='grc' dir='ltr'><strong>(Ω.</strong></span> <span class='ocrx_word' id='word_1_28' title='bbox 382 787 453 864; x_wconf 87' lang='lat' dir='ltr'><strong>aa.)</strong></span> <span class='ocrx_word' id='word_1_29' title='bbox 474 784 524 849; x_wconf 83' lang='lat' dir='ltr'><strong>sex</strong></span> <span class='ocrx_word' id='word_1_30' title='bbox 542 799 666 848; x_wconf 86' lang='lat' dir='ltr'><strong>tantum</strong></span> <span class='ocrx_word' id='word_1_31' title='bbox 683 785 899 857; x_wconf 83' lang='lat' dir='ltr'><strong>inveniantur.</strong></span> <span class='ocrx_word' id='word_1_32' title='bbox 922 805 1042 870; x_wconf 85' lang='lat' dir='ltr'><strong>nempe</strong></span> 
     </span>
     <span class='ocr_line' id='line_1_5' title="bbox 10 878 1042 978; baseline -0.004 -24"><span class='ocrx_word' id='word_1_33' title='bbox 10 890 195 958; x_wconf 82' lang='lat' dir='ltr'><strong>Clraedirros.</strong></span> <span class='ocrx_word' id='word_1_34' title='bbox 224 889 415 958; x_wconf 82' lang='lat' dir='ltr'><strong>Pltovonos.</strong></span> <span class='ocrx_word' id='word_1_35' title='bbox 440 878 623 978; x_wconf 86' lang='lat' dir='ltr'><strong>PlriroeJos.</strong></span> <span class='ocrx_word' id='word_1_36' title='bbox 652 887 773 957; x_wconf 81' lang='lat' dir='ltr'><strong>Gutus.</strong></span> <span class='ocrx_word' id='word_1_37' title='bbox 799 887 982 950; x_wconf 83' lang='lat' dir='ltr'><strong>Douciorree</strong></span> <span class='ocrx_word' id='word_1_38' title='bbox 1007 900 1042 950; x_wconf 88' lang='lat' dir='ltr'><strong>et</strong></span> 
     </span>
     <span class='ocr_line' id='line_1_6' title="bbox 8 987 1041 1072; baseline -0.002 -18"><span class='ocrx_word' id='word_1_39' title='bbox 8 991 152 1054; x_wconf 72' lang='lat' dir='ltr'><strong>lemnos.</strong></span> <span class='ocrx_word' id='word_1_40' title='bbox 180 989 302 1052; x_wconf 88' lang='lat' dir='ltr'><strong>Pluree</strong></span> <span class='ocrx_word' id='word_1_41' title='bbox 315 987 454 1052; x_wconf 72' lang='lat' dir='ltr'><strong>recenset</strong></span> <span class='ocrx_word' id='word_1_42' title='bbox 469 989 642 1050; x_wconf 87' lang='lat' dir='ltr'><strong>lornandee</strong></span> <span class='ocrx_word' id='word_1_43' title='bbox 658 987 733 1072; x_wconf 83' lang='lat' dir='ltr'><strong>ipse,</strong></span> <span class='ocrx_word' id='word_1_44' title='bbox 751 1008 789 1051; x_wconf 82' lang='lat' dir='ltr'><strong>ex</strong></span> <span class='ocrx_word' id='word_1_45' title='bbox 804 991 919 1070; x_wconf 87' lang='lat' dir='ltr'><strong>quibua</strong></span> <span class='ocrx_word' id='word_1_46' title='bbox 933 989 1041 1064; x_wconf 81' lang='lat' dir='ltr'><strong>Firrtti,</strong></span> 
     </span>
     <span class='ocr_line' id='line_1_7' title="bbox 6 1089 965 1177; baseline 0.002 -21"><span class='ocrx_word' id='word_1_47' title='bbox 6 1091 203 1162; x_wconf 81' lang='lat' dir='ltr'><strong>Firotar&#39;tltae,</strong></span> <span class='ocrx_word' id='word_1_48' title='bbox 229 1091 382 1153; x_wconf 72' lang='lat' dir='ltr'><strong>suethidi</strong></span> <span class='ocrx_word' id='word_1_49' title='bbox 402 1123 455 1138; x_wconf 91' lang='lat'><em>-</em></span> <span class='ocrx_word' id='word_1_50' title='bbox 474 1090 641 1177; x_wconf 74' lang='lat' dir='ltr'>regionem</span> <span class='ocrx_word' id='word_1_51' title='bbox 655 1103 687 1152; x_wconf 92' lang='lat' dir='ltr'><strong>et</strong></span> <span class='ocrx_word' id='word_1_52' title='bbox 702 1089 796 1152; x_wconf 80' lang='lat' dir='ltr'><strong>litum</strong></span> <span class='ocrx_word' id='word_1_53' title='bbox 810 1092 965 1158; x_wconf 83' lang='lat' dir='ltr'><strong>innuunt.</strong></span> 
     </span>
    </p>
   </div>
   <div class='ocr_carea' id='block_1_3' title="bbox 68 1291 835 1377">
    <p class='ocr_par' dir='ltr' id='par_1_3' title="bbox 68 1291 835 1377">
     <span class='ocr_line' id='line_1_8' title="bbox 68 1291 835 1377; baseline 0.005 -23"><span class='ocrx_word' id='word_1_54' title='bbox 68 1292 110 1354; x_wconf 84' lang='lat' dir='ltr'><strong>al</strong></span> <span class='ocrx_word' id='word_1_55' title='bbox 117 1293 130 1355; x_wconf 90' lang='lat' dir='ltr'><strong>i</strong></span> <span class='ocrx_word' id='word_1_56' title='bbox 137 1312 186 1354; x_wconf 81' lang='lat' dir='ltr'><strong>aa</strong></span> <span class='ocrx_word' id='word_1_57' title='bbox 192 1291 215 1375; x_wconf 92' lang='lat'><em>)</em></span> <span class='ocrx_word' id='word_1_58' title='bbox 269 1293 420 1357; x_wconf 81' lang='lat' dir='ltr'><strong>Ufitatiua</strong></span> <span class='ocrx_word' id='word_1_59' title='bbox 434 1291 477 1356; x_wconf 82' lang='lat' dir='ltr'><strong>eli</strong></span> <span class='ocrx_word' id='word_1_60' title='bbox 495 1292 642 1356; x_wconf 81' lang='lat' dir='ltr'><strong>dativum</strong></span> <span class='ocrx_word' id='word_1_61' title='bbox 663 1291 835 1377; x_wconf 88' lang='lat' dir='ltr'><strong>adponere.</strong></span> 
     </span>
    </p>
   </div>
   <div class='ocr_carea' id='block_1_4' title="bbox 10 1493 1041 2590">
    <p class='ocr_par' dir='ltr' id='par_1_4' title="bbox 10 1493 1041 2590">
     <span class='ocr_line' id='line_1_9' title="bbox 161 1493 1041 1577; baseline 0.001 -20"><span class='ocrx_word' id='word_1_62' title='bbox 161 1499 194 1574; x_wconf 86' lang='lat'><strong>§.</strong></span> <span class='ocrx_word' id='word_1_63' title='bbox 225 1505 263 1572; x_wconf 83' lang='lat'><strong>8.</strong></span> <span class='ocrx_word' id='word_1_64' title='bbox 316 1493 544 1577; x_wconf 81' lang='lat' dir='ltr'><strong>Sarmatis)</strong></span> <span class='ocrx_word' id='word_1_65' title='bbox 601 1494 688 1558; x_wconf 89' lang='lat' dir='ltr'><strong>Ultra</strong></span> <span class='ocrx_word' id='word_1_66' title='bbox 714 1494 862 1560; x_wconf 77' lang='lat' dir='ltr'><strong>villulam</strong></span> <span class='ocrx_word' id='word_1_67' title='bbox 893 1495 928 1558; x_wconf 89' lang='lat' dir='ltr'><strong>irt</strong></span> <span class='ocrx_word' id='word_1_68' title='bbox 960 1495 1041 1558; x_wconf 85' lang='lat' dir='ltr'><strong>mars</strong></span> 
     </span>
     <span class='ocr_line' id='line_1_10' title="bbox 10 1587 1041 1689; baseline 0.002 -31"><span class='ocrx_word' id='word_1_69' title='bbox 10 1596 92 1658; x_wconf 83' lang='lat' dir='ltr'><strong>etiam</strong></span> <span class='ocrx_word' id='word_1_70' title='bbox 114 1595 260 1660; x_wconf 82' lang='lat' dir='ltr'><strong>Baltico.</strong></span> <span class='ocrx_word' id='word_1_71' title='bbox 298 1593 350 1660; x_wconf 89' lang='lat' dir='ltr'><strong>Cs.</strong></span> <span class='ocrx_word' id='word_1_72' title='bbox 371 1609 403 1676; x_wconf 78' lang='lat'><strong>3,</strong></span> <span class='ocrx_word' id='word_1_73' title='bbox 427 1609 462 1676; x_wconf 82' lang='lat'><strong>4.</strong></span> <span class='ocrx_word' id='word_1_74' title='bbox 515 1597 598 1680; x_wconf 88' lang='lat' dir='ltr'><strong>Quia</strong></span> <span class='ocrx_word' id='word_1_75' title='bbox 621 1609 734 1659; x_wconf 75' lang='lat' dir='ltr'><strong>tractus</strong></span> <span class='ocrx_word' id='word_1_76' title='bbox 751 1597 810 1668; x_wconf 80' lang='lat' dir='ltr'><strong>iric.</strong></span> <span class='ocrx_word' id='word_1_77' title='bbox 835 1597 886 1659; x_wconf 89' lang='lat' dir='ltr'><strong>cui</strong></span> <span class='ocrx_word' id='word_1_78' title='bbox 903 1587 1041 1689; x_wconf 78' lang='lat' dir='ltr'><strong>aduersa</strong></span> 
     </span>
     <span class='ocr_line' id='line_1_11' title="bbox 10 1695 1041 1782; baseline 0.002 -24"><span class='ocrx_word' id='word_1_79' title='bbox 10 1700 28 1758; x_wconf 88' lang='lat' dir='ltr'><strong>i.</strong></span> <span class='ocrx_word' id='word_1_80' title='bbox 43 1717 69 1759; x_wconf 93' lang='grc' dir='ltr'><strong>ο.</strong></span> <span class='ocrx_word' id='word_1_81' title='bbox 90 1717 109 1758; x_wconf 88' lang='grc' dir='ltr'><strong>ο</strong></span> <span class='ocrx_word' id='word_1_82' title='bbox 132 1701 273 1782; x_wconf 84' lang='lat' dir='ltr'><strong>regione</strong></span> <span class='ocrx_word' id='word_1_83' title='bbox 295 1697 393 1781; x_wconf 86' lang='lat' dir='ltr'><strong>posrta</strong></span> <span class='ocrx_word' id='word_1_84' title='bbox 416 1695 478 1758; x_wconf 85' lang='lat' dir='ltr'><strong>suit</strong></span> <span class='ocrx_word' id='word_1_85' title='bbox 493 1697 653 1768; x_wconf 74' lang='lat' dir='ltr'><strong>Sarmatia,</strong></span> <span class='ocrx_word' id='word_1_86' title='bbox 683 1717 748 1760; x_wconf 91' lang='lat' dir='ltr'><strong>non</strong></span> <span class='ocrx_word' id='word_1_87' title='bbox 773 1696 922 1768; x_wconf 87' lang='lat' dir='ltr'><strong>insularia.</strong></span> <span class='ocrx_word' id='word_1_88' title='bbox 955 1713 1041 1760; x_wconf 85' lang='lat' dir='ltr'><strong>certa</strong></span> 
     </span>
     <span class='ocr_line' id='line_1_12' title="bbox 11 1797 1040 1882; baseline 0.004 -24"><span class='ocrx_word' id='word_1_89' title='bbox 11 1798 98 1859; x_wconf 80' lang='lat' dir='ltr'><strong>bodie</strong></span> <span class='ocrx_word' id='word_1_90' title='bbox 121 1799 183 1868; x_wconf 81' lang='lat' dir='ltr'><strong>est,</strong></span> <span class='ocrx_word' id='word_1_91' title='bbox 221 1797 276 1861; x_wconf 88' lang='lat' dir='ltr'><strong>sed</strong></span> <span class='ocrx_word' id='word_1_92' title='bbox 303 1801 471 1860; x_wconf 88' lang='lat' dir='ltr'><strong>continene</strong></span> <span class='ocrx_word' id='word_1_93' title='bbox 497 1813 594 1872; x_wconf 87' lang='lat' dir='ltr'><strong>terra;</strong></span> <span class='ocrx_word' id='word_1_94' title='bbox 626 1801 776 1864; x_wconf 84' lang='lat' dir='ltr'><strong>Sarmatia</strong></span> <span class='ocrx_word' id='word_1_95' title='bbox 801 1819 861 1882; x_wconf 93' lang='lat' dir='ltr'><strong>pro</strong></span> <span class='ocrx_word' id='word_1_96' title='bbox 885 1798 1040 1862; x_wconf 86' lang='lat' dir='ltr'><strong>hodierna</strong></span> 
     </span>
     <span class='ocr_line' id='line_1_13' title="bbox 10 1897 1039 1983; baseline 0.006 -25"><span class='ocrx_word' id='word_1_97' title='bbox 10 1917 102 1960; x_wconf 88' lang='lat' dir='ltr'><strong>rerum</strong></span> <span class='ocrx_word' id='word_1_98' title='bbox 117 1897 200 1961; x_wconf 77' lang='lat' dir='ltr'><strong>secie</strong></span> <span class='ocrx_word' id='word_1_99' title='bbox 217 1919 288 1961; x_wconf 90' lang='lat' dir='ltr'><strong>non</strong></span> <span class='ocrx_word' id='word_1_100' title='bbox 309 1901 342 1960; x_wconf 90' lang='lat' dir='ltr'><strong>in</strong></span> <span class='ocrx_word' id='word_1_101' title='bbox 363 1919 448 1962; x_wconf 88' lang='lat' dir='ltr'><strong>mare</strong></span> <span class='ocrx_word' id='word_1_102' title='bbox 465 1897 719 1983; x_wconf 69' lang='lat' dir='ltr'>septemtrionale</span> <span class='ocrx_word' id='word_1_103' title='bbox 740 1899 917 1971; x_wconf 72' lang='lat' dir='ltr'><strong>veteribus,</strong></span> <span class='ocrx_word' id='word_1_104' title='bbox 943 1899 1039 1964; x_wconf 84' lang='lat' dir='ltr'><strong>trobia</strong></span> 
     </span>
     <span class='ocr_line' id='line_1_14' title="bbox 13 1998 1040 2082; baseline 0.003 -21"><span class='ocrx_word' id='word_1_105' title='bbox 13 1998 152 2062; x_wconf 80' lang='lat' dir='ltr'><strong>ost-See</strong></span> <span class='ocrx_word' id='word_1_106' title='bbox 177 2002 326 2072; x_wconf 87' lang='lat' dir='ltr'><strong>dictum,</strong></span> <span class='ocrx_word' id='word_1_107' title='bbox 356 2003 534 2082; x_wconf 83' lang='lat' dir='ltr'><strong>prominet,</strong></span> <span class='ocrx_word' id='word_1_108' title='bbox 570 2000 620 2063; x_wconf 89' lang='lat' dir='ltr'><strong>sed</strong></span> <span class='ocrx_word' id='word_1_109' title='bbox 646 2001 739 2062; x_wconf 81' lang='lat' dir='ltr'><strong>instar</strong></span> <span class='ocrx_word' id='word_1_110' title='bbox 763 2003 856 2064; x_wconf 88' lang='lat' dir='ltr'><strong>cunei</strong></span> <span class='ocrx_word' id='word_1_111' title='bbox 885 2001 925 2062; x_wconf 89' lang='lat' dir='ltr'><strong>ad</strong></span> <span class='ocrx_word' id='word_1_112' title='bbox 950 2019 1040 2064; x_wconf 88' lang='lat' dir='ltr'><strong>oram</strong></span> 
     </span>
     <span class='ocr_line' id='line_1_15' title="bbox 11 2095 1040 2188; baseline 0.004 -28"><span class='ocrx_word' id='word_1_113' title='bbox 11 2095 170 2162; x_wconf 83' lang='lat' dir='ltr'><strong>Prulsrcam</strong></span> <span class='ocrx_word' id='word_1_114' title='bbox 194 2103 365 2164; x_wconf 88' lang='lat' dir='ltr'><strong>terminata</strong></span> <span class='ocrx_word' id='word_1_115' title='bbox 386 2101 439 2164; x_wconf 84' lang='lat' dir='ltr'><strong>esi.</strong></span> <span class='ocrx_word' id='word_1_116' title='bbox 493 2101 577 2164; x_wconf 87' lang='lat' dir='ltr'><strong>Mela</strong></span> <span class='ocrx_word' id='word_1_117' title='bbox 596 2103 696 2188; x_wconf 74' lang='lat' dir='ltr'><strong>igitur</strong></span> <span class='ocrx_word' id='word_1_118' title='bbox 717 2103 837 2184; x_wconf 86' lang='lat' dir='ltr'><strong>primue</strong></span> <span class='ocrx_word' id='word_1_119' title='bbox 853 2103 1040 2166; x_wconf 84' lang='lat' dir='ltr'><strong>Sarmatiam</strong></span> 
     </span>
     <span class='ocr_line' id='line_1_16' title="bbox 13 2200 1041 2287; baseline 0.005 -27"><span class='ocrx_word' id='word_1_120' title='bbox 13 2201 206 2286; x_wconf 82' lang='lat' dir='ltr'><strong>Europaeam</strong></span> <span class='ocrx_word' id='word_1_121' title='bbox 229 2217 372 2266; x_wconf 87' lang='lat' dir='ltr'><strong>accurate</strong></span> <span class='ocrx_word' id='word_1_122' title='bbox 387 2200 559 2285; x_wconf 68' lang='lat' dir='ltr'><strong>descripsit,</strong></span> <span class='ocrx_word' id='word_1_123' title='bbox 594 2216 630 2264; x_wconf 92' lang='lat' dir='ltr'><strong>nt</strong></span> <span class='ocrx_word' id='word_1_124' title='bbox 646 2203 748 2287; x_wconf 80' lang='lat' dir='ltr'><strong>digito</strong></span> <span class='ocrx_word' id='word_1_125' title='bbox 769 2207 802 2265; x_wconf 90' lang='lat' dir='ltr'><strong>in</strong></span> <span class='ocrx_word' id='word_1_126' title='bbox 821 2203 927 2265; x_wconf 85' lang='lat' dir='ltr'><strong>tabula</strong></span> <span class='ocrx_word' id='word_1_127' title='bbox 947 2221 1041 2265; x_wconf 88' lang='lat' dir='ltr'><strong>mon·</strong></span> 
     </span>
     <span class='ocr_line' id='line_1_17' title="bbox 13 2299 1039 2386; baseline 0.005 -23"><span class='ocrx_word' id='word_1_128' title='bbox 13 2301 90 2364; x_wconf 85' lang='lat' dir='ltr'><strong>lirare</strong></span> <span class='ocrx_word' id='word_1_129' title='bbox 105 2299 216 2384; x_wconf 79' lang='lat' dir='ltr'><strong>possae.</strong></span> <span class='ocrx_word' id='word_1_130' title='bbox 256 2307 309 2367; x_wconf 87' lang='lat' dir='ltr'><strong>Sic</strong></span> <span class='ocrx_word' id='word_1_131' title='bbox 319 2303 451 2367; x_wconf 87' lang='lat' dir='ltr'><strong>Villalae</strong></span> <span class='ocrx_word' id='word_1_132' title='bbox 466 2306 585 2386; x_wconf 87' lang='lat' dir='ltr'><strong>primur</strong></span> <span class='ocrx_word' id='word_1_133' title='bbox 601 2306 760 2366; x_wconf 84' lang='lat' dir='ltr'><strong>meminit.</strong></span> <span class='ocrx_word' id='word_1_134' title='bbox 788 2305 883 2368; x_wconf 84' lang='lat' dir='ltr'><strong>Forte</strong></span> <span class='ocrx_word' id='word_1_135' title='bbox 897 2323 937 2366; x_wconf 80' lang='lat' dir='ltr'><strong>ex</strong></span> <span class='ocrx_word' id='word_1_136' title='bbox 953 2304 1039 2368; x_wconf 88' lang='lat' dir='ltr'><strong>bello</strong></span> 
     </span>
     <span class='ocr_line' id='line_1_18' title="bbox 15 2401 1041 2502; baseline 0.006 -40"><span class='ocrx_word' id='word_1_137' title='bbox 15 2401 279 2469; x_wconf 78' lang='lat' dir='ltr'><strong>Marcomannico.</strong></span> <span class='ocrx_word' id='word_1_138' title='bbox 318 2406 389 2468; x_wconf 78' lang='lat' dir='ltr'><strong>vie.</strong></span> <span class='ocrx_word' id='word_1_139' title='bbox 408 2405 551 2468; x_wconf 86' lang='lat' dir='ltr'><strong>Gatterer</strong></span> <span class='ocrx_word' id='word_1_140' title='bbox 572 2405 608 2467; x_wconf 90' lang='lat' dir='ltr'><strong>iu</strong></span> <span class='ocrx_word' id='word_1_141' title='bbox 631 2419 852 2502; x_wconf 69' lang='lat' dir='ltr'><strong>commentatt.</strong></span> <span class='ocrx_word' id='word_1_142' title='bbox 874 2435 920 2451; x_wconf 93' lang='lat'><em>-</em></span> <span class='ocrx_word' id='word_1_143' title='bbox 942 2405 1041 2470; x_wconf 82' lang='lat' dir='ltr'><strong>Goet·</strong></span> 
     </span>
     <span class='ocr_line' id='line_1_19' title="bbox 15 2504 402 2590; baseline 0.008 -25"><span class='ocrx_word' id='word_1_144' title='bbox 15 2504 82 2590; x_wconf 71' lang='lat' dir='ltr'><strong>ring.</strong></span> <span class='ocrx_word' id='word_1_145' title='bbox 98 2507 168 2569; x_wconf 87' lang='lat' dir='ltr'><strong>Vol.</strong></span> <span class='ocrx_word' id='word_1_146' title='bbox 190 2523 250 2572; x_wconf 72' lang='grc' dir='ltr'><strong>ια.</strong></span> <span class='ocrx_word' id='word_1_147' title='bbox 268 2528 302 2590; x_wconf 90' lang='lat' dir='ltr'><strong>p.</strong></span> <span class='ocrx_word' id='word_1_148' title='bbox 322 2515 402 2588; x_wconf 61' lang='lat'><strong>¹94»</strong></span> 
     </span>
    </p>
   </div>
   <div class='ocr_carea' id='block_1_5' title="bbox 18 2703 1038 4204">
    <p class='ocr_par' dir='ltr' id='par_1_5' title="bbox 18 2703 1038 4204">
     <span class='ocr_line' id='line_1_20' title="bbox 82 2703 1038 2792; baseline 0.003 -25"><span class='ocrx_word' id='word_1_149' title='bbox 82 2703 299 2792; x_wconf 74' lang='lat' dir='ltr'><strong>oaeonas)</strong></span> <span class='ocrx_word' id='word_1_150' title='bbox 354 2711 404 2772; x_wconf 90' lang='lat' dir='ltr'><strong>De</strong></span> <span class='ocrx_word' id='word_1_151' title='bbox 427 2707 594 2792; x_wconf 78' lang='lat' dir='ltr'><strong>scripturae</strong></span> <span class='ocrx_word' id='word_1_152' title='bbox 618 2711 768 2773; x_wconf 83' lang='lat' dir='ltr'><strong>varietate</strong></span> <span class='ocrx_word' id='word_1_153' title='bbox 792 2710 913 2771; x_wconf 85' lang='lat' dir='ltr'><strong>dictum</strong></span> <span class='ocrx_word' id='word_1_154' title='bbox 937 2705 981 2772; x_wconf 84' lang='lat' dir='ltr'><strong>eil</strong></span> <span class='ocrx_word' id='word_1_155' title='bbox 1003 2707 1038 2771; x_wconf 89' lang='lat' dir='ltr'><strong>iu</strong></span> 
     </span>
     <span class='ocr_line' id='line_1_21' title="bbox 18 2810 1038 2895; baseline 0.007 -30"><span class='ocrx_word' id='word_1_156' title='bbox 18 2811 161 2871; x_wconf 78' lang='lat' dir='ltr'><strong>noterit</strong></span> <span class='ocrx_word' id='word_1_157' title='bbox 184 2833 220 2895; x_wconf 86' lang='lat' dir='ltr'><strong>p.</strong></span> <span class='ocrx_word' id='word_1_158' title='bbox 242 2827 309 2890; x_wconf 75' lang='lat'><strong>192</strong></span> <span class='ocrx_word' id='word_1_159' title='bbox 327 2810 389 2893; x_wconf 87' lang='lat' dir='ltr'><strong>sqq.</strong></span> <span class='ocrx_word' id='word_1_160' title='bbox 427 2813 551 2874; x_wconf 83' lang='lat' dir='ltr'><strong>Pliniue</strong></span> <span class='ocrx_word' id='word_1_161' title='bbox 566 2821 601 2890; x_wconf 76' lang='grc'><strong>4.</strong></span> <span class='ocrx_word' id='word_1_162' title='bbox 622 2827 682 2888; x_wconf 75' lang='lat'><strong>27.</strong></span> <span class='ocrx_word' id='word_1_163' title='bbox 704 2811 723 2872; x_wconf 90' lang='lat' dir='ltr'><strong>s.</strong></span> <span class='ocrx_word' id='word_1_164' title='bbox 745 2825 800 2890; x_wconf 58' lang='grc' dir='ltr'><strong>ιε.</strong></span> <span class='ocrx_word' id='word_1_165' title='bbox 821 2811 882 2874; x_wconf 88' lang='lat' dir='ltr'><strong>hoc</strong></span> <span class='ocrx_word' id='word_1_166' title='bbox 903 2811 1038 2873; x_wconf 89' lang='lat' dir='ltr'><strong>nomine</strong></span> 
     </span>
     <span class='ocr_line' id='line_1_22' title="bbox 19 2901 1038 2994; baseline 0.003 -27"><span class='ocrx_word' id='word_1_167' title='bbox 19 2901 81 2969; x_wconf 84' lang='lat' dir='ltr'><strong>iacit</strong></span> <span class='ocrx_word' id='word_1_168' title='bbox 100 2909 234 2983; x_wconf 79' lang='lat' dir='ltr'><strong>insulae,</strong></span> <span class='ocrx_word' id='word_1_169' title='bbox 260 2913 291 2972; x_wconf 92' lang='lat' dir='ltr'><strong>iu</strong></span> <span class='ocrx_word' id='word_1_170' title='bbox 316 2912 430 2994; x_wconf 89' lang='lat' dir='ltr'><strong>quibne</strong></span> <span class='ocrx_word' id='word_1_171' title='bbox 454 2915 524 2975; x_wconf 82' lang='lat' dir='ltr'><strong>oria</strong></span> <span class='ocrx_word' id='word_1_172' title='bbox 545 2915 656 2976; x_wconf 85' lang='lat' dir='ltr'><strong>arium</strong></span> <span class='ocrx_word' id='word_1_173' title='bbox 677 2927 709 2974; x_wconf 90' lang='lat' dir='ltr'><strong>et</strong></span> <span class='ocrx_word' id='word_1_174' title='bbox 724 2914 834 2975; x_wconf 87' lang='lat' dir='ltr'><strong>arenie</strong></span> <span class='ocrx_word' id='word_1_175' title='bbox 853 2911 972 2974; x_wconf 86' lang='lat' dir='ltr'><strong>incolae</strong></span> <span class='ocrx_word' id='word_1_176' title='bbox 991 2911 1038 2972; x_wconf 82' lang='lat' dir='ltr'><strong>ui·</strong></span> 
     </span>
     <span class='ocr_line' id='line_1_23' title="bbox 20 3011 1038 3092; baseline 0.006 -26"><span class='ocrx_word' id='word_1_177' title='bbox 20 3023 95 3073; x_wconf 89' lang='lat' dir='ltr'><strong>rant.</strong></span> <span class='ocrx_word' id='word_1_178' title='bbox 129 3012 217 3076; x_wconf 88' lang='lat' dir='ltr'><strong>Com</strong></span> <span class='ocrx_word' id='word_1_179' title='bbox 233 3013 339 3076; x_wconf 81' lang='lat' dir='ltr'><strong>Plinio</strong></span> <span class='ocrx_word' id='word_1_180' title='bbox 353 3011 425 3076; x_wconf 82' lang='lat' dir='ltr'><strong>sarit</strong></span> <span class='ocrx_word' id='word_1_181' title='bbox 441 3014 569 3076; x_wconf 89' lang='lat' dir='ltr'><strong>Soliuue</strong></span> <span class='ocrx_word' id='word_1_182' title='bbox 586 3033 612 3076; x_wconf 84' lang='lat' dir='ltr'><strong>c.</strong></span> <span class='ocrx_word' id='word_1_183' title='bbox 630 3029 688 3080; x_wconf 75' lang='lat' dir='ltr'><strong>aa.</strong></span> <span class='ocrx_word' id='word_1_184' title='bbox 703 3013 724 3078; x_wconf 90' lang='lat' dir='ltr'><strong>s.</strong></span> <span class='ocrx_word' id='word_1_185' title='bbox 740 3033 793 3092; x_wconf 85' lang='lat'><strong>¹9·</strong></span> <span class='ocrx_word' id='word_1_186' title='bbox 810 3032 885 3075; x_wconf 89' lang='lat' dir='ltr'><strong>avee</strong></span> <span class='ocrx_word' id='word_1_187' title='bbox 901 3012 1038 3073; x_wconf 87' lang='lat' dir='ltr'><strong>marinae</strong></span> 
     </span>
     <span class='ocr_line' id='line_1_24' title="bbox 19 3112 1037 3198; baseline 0.004 -31"><span class='ocrx_word' id='word_1_188' title='bbox 19 3119 129 3172; x_wconf 86' lang='lat' dir='ltr'><strong>tanturn</strong></span> <span class='ocrx_word' id='word_1_189' title='bbox 152 3127 266 3185; x_wconf 81' lang='lat' dir='ltr'><strong>vocat,</strong></span> <span class='ocrx_word' id='word_1_190' title='bbox 291 3135 368 3197; x_wconf 88' lang='lat' dir='ltr'><strong>quaa</strong></span> <span class='ocrx_word' id='word_1_191' title='bbox 389 3114 535 3197; x_wconf 84' lang='lat' dir='ltr'><strong>palustrea</strong></span> <span class='ocrx_word' id='word_1_192' title='bbox 556 3113 678 3178; x_wconf 84' lang='lat' dir='ltr'><strong>Nolier.</strong></span> <span class='ocrx_word' id='word_1_193' title='bbox 731 3115 871 3198; x_wconf 85' lang='lat' dir='ltr'><strong>Uterque</strong></span> <span class='ocrx_word' id='word_1_194' title='bbox 888 3131 964 3176; x_wconf 82' lang='lat' dir='ltr'><strong>vero</strong></span> <span class='ocrx_word' id='word_1_195' title='bbox 983 3112 1037 3174; x_wconf 86' lang='lat' dir='ltr'><strong>ali·</strong></span> 
     </span>
     <span class='ocr_line' id='line_1_25' title="bbox 22 3213 1035 3298; baseline 0.005 -29"><span class='ocrx_word' id='word_1_196' title='bbox 22 3225 158 3288; x_wconf 85' lang='lat' dir='ltr'><strong>qnantum</strong></span> <span class='ocrx_word' id='word_1_197' title='bbox 178 3217 211 3278; x_wconf 87' lang='lat' dir='ltr'><strong>in</strong></span> <span class='ocrx_word' id='word_1_198' title='bbox 231 3215 287 3276; x_wconf 88' lang='lat' dir='ltr'><strong>situ</strong></span> <span class='ocrx_word' id='word_1_199' title='bbox 304 3217 338 3277; x_wconf 90' lang='lat' dir='ltr'><strong>in</strong></span> <span class='ocrx_word' id='word_1_200' title='bbox 360 3216 409 3278; x_wconf 87' lang='lat' dir='ltr'><strong>hie</strong></span> <span class='ocrx_word' id='word_1_201' title='bbox 422 3229 454 3279; x_wconf 93' lang='lat' dir='ltr'><strong>et</strong></span> <span class='ocrx_word' id='word_1_202' title='bbox 470 3214 673 3298; x_wconf 70' lang='lat' dir='ltr'><strong>sequentibus</strong></span> <span class='ocrx_word' id='word_1_203' title='bbox 687 3217 829 3280; x_wconf 83' lang='lat' dir='ltr'><strong>notando</strong></span> <span class='ocrx_word' id='word_1_204' title='bbox 842 3213 977 3284; x_wconf 87' lang='lat' dir='ltr'><strong>recedit,</strong></span> <span class='ocrx_word' id='word_1_205' title='bbox 1003 3223 1035 3274; x_wconf 91' lang='lat' dir='ltr'><strong>et</strong></span> 
     </span>
     <span class='ocr_line' id='line_1_26' title="bbox 20 3307 1036 3401; baseline 0.008 -35"><span class='ocrx_word' id='word_1_206' title='bbox 20 3307 113 3375; x_wconf 84' lang='lat' dir='ltr'><strong>versut</strong></span> <span class='ocrx_word' id='word_1_207' title='bbox 136 3313 424 3398; x_wconf 75' lang='lat' dir='ltr'><strong>septemtrionalem</strong></span> <span class='ocrx_word' id='word_1_208' title='bbox 447 3315 609 3378; x_wconf 82' lang='lat' dir='ltr'><strong>Oceanum</strong></span> <span class='ocrx_word' id='word_1_209' title='bbox 633 3317 737 3401; x_wconf 88' lang='lat' dir='ltr'><strong>ponit.</strong></span> <span class='ocrx_word' id='word_1_210' title='bbox 787 3317 874 3376; x_wconf 91' lang='lat' dir='ltr'><strong>Turn</strong></span> <span class='ocrx_word' id='word_1_211' title='bbox 899 3313 974 3375; x_wconf 89' lang='lat' dir='ltr'><strong>inde</strong></span> <span class='ocrx_word' id='word_1_212' title='bbox 996 3310 1036 3374; x_wconf 87' lang='lat' dir='ltr'><strong>atl</strong></span> 
     </span>
     <span class='ocr_line' id='line_1_27' title="bbox 24 3406 1036 3498; baseline 0.011 -33"><span class='ocrx_word' id='word_1_213' title='bbox 24 3406 110 3472; x_wconf 89' lang='lat' dir='ltr'><strong>sinum</strong></span> <span class='ocrx_word' id='word_1_214' title='bbox 134 3415 320 3487; x_wconf 86' lang='lat' dir='ltr'><strong>Codanum.</strong></span> <span class='ocrx_word' id='word_1_215' title='bbox 346 3420 380 3479; x_wconf 89' lang='lat' dir='ltr'><strong>in</strong></span> <span class='ocrx_word' id='word_1_216' title='bbox 403 3435 467 3498; x_wconf 87' lang='lat' dir='ltr'><strong>quo</strong></span> <span class='ocrx_word' id='word_1_217' title='bbox 489 3418 713 3490; x_wconf 63' lang='lat' dir='ltr'><strong>Scadinavia,</strong></span> <span class='ocrx_word' id='word_1_218' title='bbox 737 3430 770 3480; x_wconf 88' lang='lat' dir='ltr'><strong>et</strong></span> <span class='ocrx_word' id='word_1_219' title='bbox 793 3413 941 3478; x_wconf 77' lang='lat' dir='ltr'><strong>villulam</strong></span> <span class='ocrx_word' id='word_1_220' title='bbox 963 3431 1036 3497; x_wconf 91' lang='lat' dir='ltr'><strong>pro-</strong></span> 
     </span>
     <span class='ocr_line' id='line_1_28' title="bbox 24 3513 1035 3600; baseline 0.005 -29"><span class='ocrx_word' id='word_1_221' title='bbox 24 3513 95 3573; x_wconf 79' lang='lat' dir='ltr'><strong>oerlit</strong></span> <span class='ocrx_word' id='word_1_222' title='bbox 114 3515 248 3581; x_wconf 89' lang='lat' dir='ltr'><strong>Pliniue.</strong></span> <span class='ocrx_word' id='word_1_223' title='bbox 297 3521 340 3582; x_wconf 80' lang='lat' dir='ltr'><strong>Aa</strong></span> <span class='ocrx_word' id='word_1_224' title='bbox 365 3520 398 3580; x_wconf 92' lang='lat' dir='ltr'><strong>in</strong></span> <span class='ocrx_word' id='word_1_225' title='bbox 421 3517 483 3600; x_wconf 84' lang='lat' dir='ltr'><strong>ipsa</strong></span> <span class='ocrx_word' id='word_1_226' title='bbox 511 3520 734 3590; x_wconf 79' lang='lat' dir='ltr'><strong>Scandinaria.</strong></span> <span class='ocrx_word' id='word_1_227' title='bbox 770 3517 839 3589; x_wconf 87' lang='lat' dir='ltr'><strong>sen,</strong></span> <span class='ocrx_word' id='word_1_228' title='bbox 868 3529 905 3586; x_wconf 83' lang='lat' dir='ltr'><strong>ut</strong></span> <span class='ocrx_word' id='word_1_229' title='bbox 930 3525 1035 3585; x_wconf 86' lang='lat' dir='ltr'><strong>vocat.</strong></span> 
     </span>
     <span class='ocr_line' id='line_1_29' title="bbox 25 3609 1033 3694; baseline 0.004 -20"><span class='ocrx_word' id='word_1_230' title='bbox 25 3609 151 3689; x_wconf 81' lang='lat' dir='ltr'><strong>Scantia.</strong></span> <span class='ocrx_word' id='word_1_231' title='bbox 184 3620 335 3684; x_wconf 88' lang='lat' dir='ltr'><strong>hominee</strong></span> <span class='ocrx_word' id='word_1_232' title='bbox 357 3633 514 3683; x_wconf 86' lang='lat' dir='ltr'><strong>memorat</strong></span> <span class='ocrx_word' id='word_1_233' title='bbox 534 3621 708 3685; x_wconf 89' lang='lat' dir='ltr'><strong>lornaudee</strong></span> <span class='ocrx_word' id='word_1_234' title='bbox 722 3623 763 3684; x_wconf 87' lang='lat' dir='ltr'><strong>de</strong></span> <span class='ocrx_word' id='word_1_235' title='bbox 783 3618 849 3682; x_wconf 85' lang='lat' dir='ltr'><strong>reb.</strong></span> <span class='ocrx_word' id='word_1_236' title='bbox 867 3617 939 3679; x_wconf 84' lang='lat' dir='ltr'><strong>Get.</strong></span> <span class='ocrx_word' id='word_1_237' title='bbox 954 3635 982 3680; x_wconf 89' lang='lat' dir='ltr'><strong>c.</strong></span> <span class='ocrx_word' id='word_1_238' title='bbox 999 3627 1033 3694; x_wconf 82' lang='lat'><strong>3.</strong></span> 
     </span>
     <span class='ocr_line' id='line_1_30' title="bbox 25 3715 1034 3802; baseline 0 -22"><span class='ocrx_word' id='word_1_239' title='bbox 25 3715 71 3792; x_wconf 75' lang='lat' dir='ltr'><strong>qui</strong></span> <span class='ocrx_word' id='word_1_240' title='bbox 83 3720 222 3782; x_wconf 86' lang='lat' dir='ltr'><strong>carnibna</strong></span> <span class='ocrx_word' id='word_1_241' title='bbox 239 3719 392 3793; x_wconf 87' lang='lat' dir='ltr'><strong>serarum,</strong></span> <span class='ocrx_word' id='word_1_242' title='bbox 416 3734 510 3802; x_wconf 91' lang='lat' dir='ltr'><strong>atque</strong></span> <span class='ocrx_word' id='word_1_243' title='bbox 531 3723 601 3783; x_wconf 83' lang='lat' dir='ltr'><strong>orie</strong></span> <span class='ocrx_word' id='word_1_244' title='bbox 619 3725 730 3784; x_wconf 86' lang='lat' dir='ltr'><strong>arium</strong></span> <span class='ocrx_word' id='word_1_245' title='bbox 747 3722 875 3790; x_wconf 84' lang='lat' dir='ltr'><strong>vivant.</strong></span> <span class='ocrx_word' id='word_1_246' title='bbox 900 3717 954 3778; x_wconf 84' lang='lat' dir='ltr'><strong>etii</strong></span> <span class='ocrx_word' id='word_1_247' title='bbox 975 3734 1034 3799; x_wconf 90' lang='lat' dir='ltr'><strong>pro</strong></span> 
     </span>
     <span class='ocr_line' id='line_1_31' title="bbox 25 3816 1034 3905; baseline 0.005 -28"><span class='ocrx_word' id='word_1_248' title='bbox 25 3816 84 3877; x_wconf 80' lang='lat' dir='ltr'><strong>ovis</strong></span> <span class='ocrx_word' id='word_1_249' title='bbox 96 3826 199 3884; x_wconf 88' lang='lat' dir='ltr'><strong>ouium</strong></span> <span class='ocrx_word' id='word_1_250' title='bbox 213 3823 317 3886; x_wconf 87' lang='lat' dir='ltr'><strong>Cotid.</strong></span> <span class='ocrx_word' id='word_1_251' title='bbox 333 3823 430 3884; x_wconf 86' lang='lat' dir='ltr'><strong>etiam</strong></span> <span class='ocrx_word' id='word_1_252' title='bbox 452 3822 558 3905; x_wconf 82' lang='lat' dir='ltr'><strong>legant</strong></span> <span class='ocrx_word' id='word_1_253' title='bbox 578 3823 683 3884; x_wconf 80' lang='lat' dir='ltr'><strong>ovium</strong></span> <span class='ocrx_word' id='word_1_254' title='bbox 696 3823 872 3903; x_wconf 84' lang='lat' dir='ltr'><strong>aviumque.</strong></span> <span class='ocrx_word' id='word_1_255' title='bbox 907 3817 1034 3900; x_wconf 84' lang='lat' dir='ltr'><strong>Nempe</strong></span> 
     </span>
     <span class='ocr_line' id='line_1_32' title="bbox 26 3913 1034 4001; baseline 0 -19"><span class='ocrx_word' id='word_1_256' title='bbox 26 3913 210 3984; x_wconf 74' lang='lat' dir='ltr'><strong>Suudtnavta</strong></span> <span class='ocrx_word' id='word_1_257' title='bbox 235 3925 273 3985; x_wconf 85' lang='lat' dir='ltr'><strong>ad</strong></span> <span class='ocrx_word' id='word_1_258' title='bbox 302 3923 404 3984; x_wconf 80' lang='lat' dir='ltr'><strong>finum</strong></span> <span class='ocrx_word' id='word_1_259' title='bbox 435 3921 604 3988; x_wconf 83' lang='lat' dir='ltr'><strong>Codanum</strong></span> <span class='ocrx_word' id='word_1_260' title='bbox 624 3937 658 3986; x_wconf 91' lang='lat' dir='ltr'><strong>et</strong></span> <span class='ocrx_word' id='word_1_261' title='bbox 676 3941 761 3986; x_wconf 89' lang='lat' dir='ltr'><strong>mare</strong></span> <span class='ocrx_word' id='word_1_262' title='bbox 782 3918 1034 4001; x_wconf 82' lang='lat' dir='ltr'><strong>septemtrionale</strong></span> 
     </span>
     <span class='ocr_line' id='line_1_33' title="bbox 27 4019 1033 4102; baseline -0.001 -19"><span class='ocrx_word' id='word_1_263' title='bbox 27 4025 144 4102; x_wconf 71' lang='lat' dir='ltr'><strong>ustoque</strong></span> <span class='ocrx_word' id='word_1_264' title='bbox 169 4027 262 4086; x_wconf 83' lang='lat' dir='ltr'><strong>latere</strong></span> <span class='ocrx_word' id='word_1_265' title='bbox 288 4023 418 4088; x_wconf 87' lang='lat' dir='ltr'><strong>iacebat.</strong></span> <span class='ocrx_word' id='word_1_266' title='bbox 452 4041 651 4087; x_wconf 79' lang='lat' dir='ltr'><strong>raecnrcrra.</strong></span> <span class='ocrx_word' id='word_1_267' title='bbox 718 4019 881 4086; x_wconf 83' lang='lat' dir='ltr'><strong>Recessrlse</strong></span> <span class='ocrx_word' id='word_1_268' title='bbox 906 4021 1033 4084; x_wconf 82' lang='lat' dir='ltr'><strong>ridetur</strong></span> 
     </span>
     <span class='ocr_line' id='line_1_34' title="bbox 25 4111 1032 4204; baseline 0.004 -25"><span class='ocrx_word' id='word_1_269' title='bbox 25 4111 77 4180; x_wconf 74' lang='lat' dir='ltr'><strong>loc</strong></span> <span class='ocrx_word' id='word_1_270' title='bbox 88 4121 154 4190; x_wconf 85' lang='lat' dir='ltr'><strong>loco</strong></span> <span class='ocrx_word' id='word_1_271' title='bbox 169 4147 186 4188; x_wconf 94' lang='lat' dir='ltr'><strong>a</strong></span> <span class='ocrx_word' id='word_1_272' title='bbox 205 4123 332 4188; x_wconf 83' lang='lat' dir='ltr'><strong>Caesare</strong></span> <span class='ocrx_word' id='word_1_273' title='bbox 346 4137 454 4188; x_wconf 88' lang='lat' dir='ltr'><strong>auctor</strong></span> <span class='ocrx_word' id='word_1_274' title='bbox 469 4123 587 4196; x_wconf 79' lang='lat' dir='ltr'><strong>noller.</strong></span> <span class='ocrx_word' id='word_1_275' title='bbox 613 4139 646 4188; x_wconf 90' lang='lat' dir='ltr'><strong>et</strong></span> <span class='ocrx_word' id='word_1_276' title='bbox 667 4123 789 4188; x_wconf 86' lang='lat' dir='ltr'><strong>secutur</strong></span> <span class='ocrx_word' id='word_1_277' title='bbox 804 4121 864 4188; x_wconf 89' lang='lat' dir='ltr'><strong>else</strong></span> <span class='ocrx_word' id='word_1_278' title='bbox 882 4119 1032 4204; x_wconf 79' lang='lat' dir='ltr'><strong>Pythiam</strong></span> 
     </span>
    </p>
   </div>
   <div class='ocr_carea' id='block_1_6' title="bbox 0 0 1330 4896">
    <p class='ocr_par' dir='ltr' id='par_1_6' title="bbox 0 0 1330 4896">
     <span class='ocr_line' id='line_1_35' title="bbox 0 0 1330 4896; baseline 0 0"><span class='ocrx_word' id='word_1_279' title='bbox 0 0 1330 4896; x_wconf 95' lang='lat' dir='ltr'><strong> </strong></span> 
     </span>
    </p>
   </div>
  </div>
 </body>
</html>
