2696 4896
294 415 354 496 136
559 416 720 478 norea
761 394 1071 478 thaoarroara

373 592 612 655 Sauromata·
619 592 686 655 des
694 590 713 675 )
762 594 815 658 stc
836 594 973 677 adpellat
996 613 1078 656 cum
1108 591 1220 654 Plinio
1237 593 1269 664 6.
1289 603 1336 672 15.

298 691 397 773 [15.
425 707 462 754 ut
485 695 655 780 distinguat
680 695 718 757 ab
742 696 799 772 iit,
832 715 907 778 quae
929 697 967 756 ad
993 695 1287 756 Thermodontem
1308 697 1336 758 ia

300 795 404 857 Ponto
426 813 455 866 t.
478 815 532 876 ¹9·
557 794 763 878 descripserat.
803 797 996 882 Simpliciter
1016 816 1075 862 eat
1095 797 1274 858 Amazonas
1290 815 1337 858 ro·

301 909 368 967 eat,
394 897 473 958 ultra
494 915 569 978 quat
591 897 791 981 Hyperborei
808 899 877 970 lint,
900 921 929 969 r.
947 916 980 970 o,
995 909 1032 978 4.
1060 910 1096 960 et
1115 898 1157 960 stc
1174 897 1294 958 Pliniut
1308 899 1336 970 6,

199 1045 202 1056 .
307 1008 362 1083 34.
378 995 399 1060 s.
422 1013 477 1078 13.
504 999 558 1081 qui
575 1019 649 1063 cum
668 1000 735 1062 alise
748 1001 876 1082 populie
890 1002 924 1060 in
944 1001 1001 1060 hac
1018 1000 1129 1062 etiam
1144 997 1225 1062 serie
1244 999 1334 1081 ponit.

301 1095 354 1162 cf.
375 1101 469 1161 etiam
486 1101 518 1170 6.
540 1111 594 1177 ¹5·
610 1099 631 1163 Γ.
652 1116 707 1177 13.
758 1101 907 1183 Ephorua
929 1101 1012 1183 apud
1031 1100 1245 1184 Stephanum
1261 1101 1337 1160 dma-

301 1215 415 1270 2onea‚
442 1219 516 1282 quae
541 1214 616 1262 tunc
630 1203 866 1264 Sauromatidas
887 1217 1012 1266 vocatae
1036 1202 1103 1264 eise
1123 1203 1281 1268 adfirmat.
1303 1203 1336 1262 ad

302 1301 580 1364 Thermodontem
614 1305 780 1383 producit,
819 1304 875 1364 ubi
908 1303 1042 1385 quidem
1080 1304 1167 1365 olim
1202 1299 1334 1363 habitase

302 1403 398 1464 multi
414 1417 555 1466 auctores
571 1402 725 1473 scribunt.
749 1407 789 1466 de
810 1424 875 1486 quo
892 1405 965 1466 alibi
983 1405 1113 1466 dictum
1134 1403 1191 1466 esi.
1238 1402 1338 1462 Sorrro·

304 1504 438 1565 merides
453 1517 569 1574 autem,
594 1525 686 1585 quam
698 1523 812 1568 vocem
822 1507 1008 1568 Scholiastao
1018 1505 1189 1568 iuvenalia
1203 1505 1241 1564 ad
1257 1504 1334 1566 ain.

304 1603 438 1666 restituit
458 1606 601 1668 Holslen.
625 1609 662 1668 ad
687 1607 882 1688 Stephanum
903 1627 974 1692 pag.
996 1623 1056 1686 29.
1084 1608 1194 1668 dictae
1218 1601 1336 1664 suntet

304 1706 467 1790 congressu
489 1727 561 1768 curu
578 1709 789 1779 Sauromatie.
815 1711 854 1768 de
874 1727 937 1789 quo
955 1709 1118 1770 Herodot.
1138 1717 1174 1790 4.
1199 1725 1265 1766 tro
1282 1702 1334 1784 sqq.

304 1805 437 1886 Dionys.
461 1829 493 1870 r.
516 1807 600 1886 657.
628 1823 661 1870 et
685 1809 729 1868 ibi
757 1808 956 1881 Eullathiue‘,
990 1824 1106 1872 auctor
1136 1825 1285 1892 anonym.
1306 1807 1334 1864 io

306 1911 430 1992 periplo
445 1909 540 1971 Ponti
556 1911 675 1972 Euxini
694 1930 732 1971 err
749 1910 879 1994 Ephoro
894 1911 939 1972 ln.
991 1911 1031 1972 dt
1048 1911 1155 1972 iidem
1177 1909 1211 1968 id
1228 1905 1334 1967 sactum

307 2010 366 2071 effe
382 2026 517 2080 narrant.
549 2012 654 2072 relicta
672 2011 798 2093 antiqua
815 2013 893 2073 circa
908 2012 1197 2075 Thermodontem
1214 2006 1288 2076 sede.
1305 2019 1333 2066 et

307 2111 492 2174 Herodotua
508 2110 620 2173 diserte
636 2112 734 2182 addit,
756 2111 855 2194 pellea
875 2115 1003 2174 traiecto
1017 2113 1142 2182 Tanai.
1170 2113 1265 2172 trium
1280 2107 1335 2166 die·

306 2231 377 2272 mm
395 2213 506 2272 itinere
523 2211 683 2281 consecto,
710 2208 887 2303 concelsplse
902 2212 1007 2276 versut
1023 2217 1187 2276 orientem
1204 2225 1235 2272 et
1249 2210 1332 2268 trium

307 2332 324 2377 a
340 2313 500 2375 Maeotide
516 2313 619 2375 versus
633 2313 825 2394 aquilonem.
867 2315 913 2376 Ita
928 2313 1112 2378 Amazonee
1129 2307 1331 2396 ponunturin

305 2415 472 2476 montibus
499 2415 576 2475 ultra
605 2415 771 2477 Albaniam
796 2415 876 2484 sitia.
912 2416 964 2478 vel
988 2417 1026 2478 ad
1053 2413 1249 2479 Caucasum.
1278 2425 1347 2489 tptt

306 2535 394 2576 mare
408 2517 590 2595 Hyrcanum
615 2514 744 2598 spectat,
770 2517 987 2599 interiectique
1004 2519 1042 2580 iia
1058 2531 1093 2580 et
1107 2515 1240 2579 Albania
1258 2509 1330 2570 habi·

307 2628 415 2677 terunt
431 2617 526 2678 Gelae
542 2631 574 2678 et
590 2617 700 2700 Leges.
719 2618 1012 2701 vid.Theophanea
1025 2620 1110 2702 apud
1126 2615 1271 2680 Strabon.
1283 2626 1329 2672 rt.
1346 2651 1347 2668 .

306 2737 340 2800 p.
360 2727 442 2798 347.
460 2716 480 2780 Γ.
498 2731 581 2794 503.
604 2735 636 2778 et
654 2718 811 2781 Plutarch.
830 2721 863 2780 in
884 2719 1040 2801 Pompeio
1061 2740 1131 2802 cap.
1150 2729 1210 2798 55·
1247 2709 1330 2773 Gelli

307 2832 433 2889 autem.
456 2819 531 2880 telle
548 2819 652 2880 Plinio
668 2819 700 2890 6.
721 2831 776 2897 13.
793 2816 815 2881 Γ.
832 2821 886 2883 16.
908 2821 1006 2882 iidem
1024 2819 1112 2892 sunt,
1133 2836 1219 2900 quot
1233 2806 1331 2875 Graeci

308 2919 458 2982 Cadullot
488 2919 702 3002 adpellavere.
742 2933 775 2982 et
809 2906 900 3003 super
931 2920 1081 3004 Caspium
1115 2921 1218 2982 surum
1248 2909 1331 2996 ponii

307 3019 393 3082 Mela
416 3043 443 3092 r.
467 3037 499 3090 2.
525 3033 557 3098 5.
592 3023 641 3081 uti
668 3021 832 3084 Cadusum
859 3036 891 3082 et
923 3021 1088 3083 Albaniam
1111 3023 1147 3086 iu
1171 3038 1224 3082 ora
1246 3009 1347 3074 marsa*

307 3119 413 3204 Caspii
427 3122 511 3183 Plln.
526 3123 558 3193 6.
580 3135 634 3200 15.
653 3119 673 3185 Γ.
691 3135 745 3200 13.
785 3119 923 3184 Inserlua
940 3121 1045 3186 versuo
1061 3113 1232 3184 meridiem
1249 3111 1330 3176 Gelo!

307 3225 417 3306 ponit,
444 3235 480 3284 ut
497 3221 664 3294 Cadusroa.
689 3222 890 3287 Ptolemaeus
907 3225 941 3294 6.
960 3239 993 3285 Ω.
1045 3225 1129 3286 Sunt
1146 3237 1261 3285 tamen.
1282 3207 1328 3292 qul

306 3325 390 3404 quasi
406 3317 651 3410 Σαυροπάτιδες
664 3323 762 3386 dictat
778 3338 908 3406 putent.
935 3325 982 3385 uti
998 3325 1137 3386 Euslath.
1154 3322 1192 3384 ad
1207 3307 1327 3392 Dionys·

307 3446 341 3488 v.
362 3437 445 3504 828.
473 3426 630 3506 quianon
653 3418 787 3512 μάζαις.
815 3423 866 3486 sed
888 3425 1032 3487 carnibua
1049 3421 1214 3512 (κρέασιν)
1237 3413 1326 3478 vesci*

306 3542 427 3588 rentur.
462 3528 563 3607 Atque
579 3525 618 3586 sic
631 3523 732 3605 ipsum
749 3526 948 3587 Amazonum
965 3546 1083 3589 nomen
1099 3539 1207 3588 ortum
1223 3517 1327 3580 volunt

306 3628 450 3706 Etymol.
469 3627 515 3688 Μ.
540 3637 572 3688 et
588 3625 733 3687 Euslath.
749 3625 787 3688 ad
804 3626 938 3690 Homer.
955 3629 992 3690 ll.
1009 3641 1039 3707 5,
1062 3640 1140 3706 ¹89·
1158 3646 1189 3707 p.
1200 3623 1324 3696 movi·

276 3764 280 3772 ι
306 3729 361 3809 qui
386 3727 611 3795 testudinibus,
645 3726 778 3797 locauit,
808 3723 1003 3810 serpentibur
1019 3726 1101 3790 vesci
1125 3725 1227 3788 solitae
1247 3711 1323 3780 suist

307 3827 422 3892 scribit.
471 3831 521 3889 De
546 3827 619 3909 ipsit
643 3827 876 3898 Amazonibus.
908 3830 963 3910 qui
988 3831 1122 3890 omnino
1145 3820 1321 3906 scripserunt.

308 3941 343 3990 et
366 3941 507 3999 veterat.
542 3944 576 3988 et
605 3929 814 4000 recentiores.
856 3926 895 3992 os.
923 3927 1056 3992 Fischer.
1090 3929 1129 3990 ad
1160 3917 1320 4001 Pataaptot

305 4047 373 4116 top.
391 4043 449 4111 55.
472 4041 505 4094 et
527 4029 789 4100 introirent.
824 4029 939 4120 quibat
961 4024 1085 4096 aooeffit
1107 4046 1208 4114 nuper
1230 4023 1320 4083 tune·
