2746 4894
155 423 213 481 ΙΝ
246 421 384 482 POMP.
411 421 520 480 Meu.
561 421 671 480 LIII.
714 421 849 484 cvm.
891 421 917 492 s·
940 421 970 480 6·
1033 429 1096 498 345

48 597 131 680 supra
156 595 327 666 indicavi,
359 613 427 658 non
444 595 520 659 urhe
539 594 642 660 solum
659 610 726 660 erat
744 596 841 668 Saba,
870 593 921 658 sed
939 615 979 660 eo
996 598 1094 659 etiam
1157 644 1160 654 .

49 700 179 762 nomine
207 695 438 758 continebatur
459 701 565 782 regio,
600 698 649 759 uti
671 700 714 762 eil
741 699 825 782 apud
848 699 931 760 Pliu.
954 714 1010 768 re,
1034 711 1093 777 3ο.

49 799 139 878 [14.
165 818 254 880 quae
274 800 360 882 pagis
383 799 557 869 constabat,
583 800 617 860 in
633 800 752 882 quibue
768 803 938 862 Atramitae
959 800 1093 862 Minaei·

49 921 104 984 qne
129 913 436 962 commemorantur
460 922 476 962 a
503 903 609 963 Plinio
629 922 656 964 c.
677 903 699 964 l.
732 903 930 984 omninoque
955 915 1092 983 quatuor

48 1021 176 1086 margunc
201 1015 340 1086 gentes,
374 1021 453 1082 quae
475 1002 621 1064 Arabiam
647 1001 772 1065 felicem
795 1016 943 1073 tenuere,
969 1023 987 1064 a
1008 1003 1091 1064 Stra·

49 1102 128 1166 boue
150 1105 207 1166 16.
227 1123 263 1185 p.
281 1114 365 1181 528.
385 1101 407 1164 s.
426 1105 509 1182 768.
537 1105 570 1165 iu
585 1104 701 1186 quihus
722 1104 847 1173 Sabaei.
871 1125 946 1166 cum
961 1105 1092 1186 plurimi

49 1205 154 1288 populi
169 1205 211 1265 ab
231 1205 358 1274 Plinio.
385 1205 571 1269 Ptolemaeo
592 1241 645 1253 -
665 1203 895 1268 recenseantur.
922 1207 1006 1267 'virt
1028 1205 1091 1267 Bo·

52 1307 141 1369 chart.
160 1326 188 1367 c.
208 1306 232 1368 l.
265 1304 391 1368 Salmas.
407 1306 446 1367 etl
461 1307 563 1371 Sosin.
579 1321 636 1387 33.
654 1305 674 1370 [.
688 1309 745 1387 36.
762 1329 793 1388 p.
810 1327 854 1368 ru.
872 1315 955 1386 348.
990 1307 1090 1390 Quod

53 1409 99 1468 ille
115 1420 261 1490 quatuor
277 1408 416 1489 populos
436 1410 569 1472 nomine
594 1405 672 1470 Sebo
693 1409 871 1479 constituit,
904 1409 944 1470 de
960 1425 999 1470 eo
1021 1407 1088 1470 rid.

54 1527 124 1590 quae
146 1510 285 1570 monuit
305 1507 469 1572 Michaelis
493 1511 527 1571 in
547 1509 663 1595 Geogr.
682 1510 781 1574 Hebr.
804 1510 842 1573 P.
863 1529 891 1573 r.
909 1529 941 1591 p.
961 1522 1028 1587 197
1045 1506 1089 1590 sq.

53 1611 127 1672 llrhe
143 1608 211 1692 ipsa
226 1611 337 1672 monti
359 1608 421 1671 suit
434 1611 595 1692 imposita,
623 1611 887 1696 (Agatharchides
901 1623 934 1672 et
951 1609 1090 1673 Diodor.

55 1731 93 1774 ec.
111 1709 165 1794 lt)
198 1725 234 1774 at
259 1713 348 1796 regio
371 1711 433 1795 ipsa
454 1713 547 1776 latius
566 1711 692 1796 patebat
711 1733 727 1774 a
749 1713 853 1775 media
872 1712 1000 1782 Arabia.
1033 1709 1090 1770 ubi

55 1813 233 1884 Atramitae,
259 1813 365 1892 (Ptin.
383 1829 436 1885 ια,
455 1828 514 1894 3ο.
525 1813 547 1878 s.
563 1819 640 1897 t4.)
665 1815 704 1876 ad
721 1834 805 1876 mare
820 1813 963 1884 rubrum,
985 1813 1089 1874 finum

55 1914 218 1976 Arabicum
234 1915 389 1979 maxime.
424 1915 497 1979 Viri.
511 1917 596 1978 Pliu.
612 1935 640 1979 c.
653 1917 675 1977 l.
699 1913 832 1994 Dionys.
849 1935 882 1976 v.
894 1925 978 1995 959.
995 1930 1089 1975 exeo

55 2014 193 2078 Priscian.
217 2037 255 2078 v.
271 2028 355 2095 889.
388 2016 505 2080 Avien.
529 2039 563 2081 v.
586 2029 691 2096 ιι37.
725 2015 866 2078 Euslath.
890 2015 930 2076 ad
954 2011 1089 2094 Dionys.

57 2136 85 2178 v.
99 2128 181 2200 954.
198 2114 332 2198 aliique.
365 2118 462 2200 Quod
475 2117 595 2180 Melam
612 2117 818 2200 reprehendit
830 2117 1008 2178 Bochartue
1022 2135 1049 2177 c.
1066 2114 1090 2177 l.

57 2214 154 2280 salsam
171 2219 239 2280 loci
257 2219 355 2280 huiua
370 2219 605 2282 distinctionem
623 2218 747 2282 secutus
762 2219 815 2292 esi,
838 2239 900 2302 qua
919 2216 1035 2279 sublata
1050 2215 1090 2276 ad

58 2319 195 2382 ortliuem
229 2317 480 2402 consensumque
509 2321 594 2382 Mela
619 2339 694 2382 oum
725 2321 792 2382 aliia
817 2331 1001 2389 revocatur,
1034 2317 1093 2400 qui

58 2439 134 2483 mare
154 2422 293 2485 rubrum
312 2423 352 2483 de
367 2421 435 2483 ssnu
451 2421 583 2484 Arabico
603 2416 801 2503 poriffimum
819 2423 874 2483 hic
893 2419 1090 2504 intelligunt.

59 2521 102 2583 hu
124 2523 225 2586 iidem
254 2522 406 2600 (Sabaei)
431 2523 511 2584 dicti
538 2520 659 2584 suerint
683 2523 885 2594 Homericae,
917 2522 1089 2604 quaeritur.

62 2623 231 2686 htlsrrmant
254 2625 287 2686 id
308 2621 439 2706 quidem
460 2624 690 2710 Philostorgiue
715 2626 749 2686 in
776 2625 846 2689 hisi.
868 2621 975 2687 eccles.
998 2639 1031 2693 e.
1055 2621 1089 2685 6.

65 2735 92 2802 3.
107 2735 140 2804 4.
161 2727 299 2809 aliique,
330 2745 412 2807 quoa
431 2727 578 2809 producit
594 2726 770 2788 Bochartue
793 2728 825 2788 in
844 2727 963 2810 Phaleg
981 2733 1089 2800 2,15.

64 2824 193 2900 Phloion,
221 2829 446 2898 Ptolemaeus.
472 2829 621 2890 Arrianae
635 2829 752 2908 aliique
767 2827 974 2911 distinguunt.
1008 2823 1092 2888 Atsr

65 2922 171 2990 sactum
198 2929 263 3001 eo,
300 2929 341 2991 de
367 2929 591 3012 posterioribus
618 2927 816 3012 temporibus
843 2929 940 2999 valet.
977 2925 1094 3008 quibua

66 3025 148 3092 latine
163 3030 269 3092 diffusi
285 3031 463 3092 vicinarum
483 3031 631 3114 gentium
653 3028 789 3112 priscum
811 3047 931 3092 nomen
948 3027 1093 3089 abolere·

68 3143 148 3202 mm,
173 3135 224 3195 uti
238 3131 395 3196 existimat
410 3131 559 3194 Bochart.
575 3151 603 3194 c.
618 3133 640 3193 l.
668 3151 740 3194 curn
755 3149 819 3213 quo
835 3127 992 3192 consentit
1006 3130 1041 3189 in
1053 3145 1093 3188 eo

70 3229 177 3294 Ludols
194 3235 230 3296 in
253 3246 429 3295 comment.
455 3232 527 3296 hill.
550 3233 700 3316 Aethiop.
723 3253 752 3304 ι,
771 3249 830 3304 20,
847 3245 881 3308 3.
903 3252 934 3314 p.
952 3233 1012 3308 64.
1037 3227 1095 3310 qui

70 3333 157 3395 credit
178 3348 356 3419 praeterea.
390 3335 452 3396 live
470 3354 575 3397 errore
594 3335 741 3398 Plinium
755 3335 895 3416 aliosque
915 3328 1094 3399 distinxisse.

71 3431 126 3494 five
140 3437 273 3500 Sabaeos
287 3437 328 3498 de
342 3435 429 3498 urbia
444 3450 569 3497 tantum
590 3437 703 3499 incolis
720 3433 847 3506 dixisse,
878 3433 965 3515 quod
989 3445 1095 3493 tamen

72 3532 128 3595 loca
142 3554 327 3610 auctorum,
350 3537 446 3599 Plinii
464 3541 621 3608 maxime,
647 3538 857 3600 convincunt.
901 3531 951 3597 (Ξῖ.
969 3529 1095 3596 Salmas.

74 3636 105 3694 arl
121 3637 218 3704 Sosin.
236 3655 294 3719 33.
311 3637 332 3701 s.
350 3639 407 3718 36.
422 3660 453 3721 p.
470 3659 514 3701 rn.
530 3651 614 3718 353.
647 3637 830 3699 Holsieniua
847 3635 885 3697 ed
900 3633 1097 3716 Stephanum

73 3755 102 3818 p.
116 3753 195 3818 235.
213 3756 246 3804 et
258 3742 291 3801 in
307 3741 419 3822 primis
435 3739 607 3803 Berkeliue
623 3761 656 3822 p.
672 3741 757 3818 614.
812 3737 990 3820 Regionum
1008 3732 1097 3796 suille

78 3835 243 3914 turiseram.
273 3845 325 3904 uti
344 3842 468 3904 Plinius
487 3859 541 3909 ια.
567 3855 625 3918 3ο.
649 3839 670 3902 s.
699 3851 753 3920 ¹4·
775 3852 886 3908 vocat,
922 3840 984 3898 iam
1011 3834 1099 3918 supra

77 3955 215 4006 notatum
231 3944 285 4012 esl.
323 3945 409 4006 Hinc
424 3939 538 4004 Sabaei
551 3934 691 4033 lucrifeci.
714 3937 828 4003 Sabaei
834 3933 945 4026 flores,
964 3939 1099 4020 myrrho,

78 4040 160 4114 odor,
182 4065 249 4116 ror,
276 4063 354 4127 quae
375 4045 408 4105 in
427 4043 556 4107 Gesneri
579 4041 724 4106 thesauro
745 4041 896 4126 prostant.
939 4041 998 4122 Sic*
1016 4059 1101 4124 prae·

78 4150 154 4208 terre
178 4145 331 4212 Sabaeum
355 4145 545 4212 medicamen
572 4145 728 4210 Prudent.
754 4143 937 4210 Cathemer.
962 4163 1016 4216 ro,
1042 4153 1100 4219 51.
