2746 4894
147 421 196 480 ΙΙ
221 419 360 480 tour.
391 419 502 478 ΜΗ..
543 421 653 477 Lm.
696 419 832 482 alm.
870 418 949 490 Μ.
1011 429 1074 494 3²9

66 595 178 681 rlaeque
202 612 333 678 campos
358 589 509 654 inundat.
551 589 622 654 vta.
643 593 757 673 Polyb.
776 611 810 674 9,
826 603 887 676 43.
920 589 1077 656 Arrianus

68 701 98 759 tle
111 698 216 782 exped.
232 698 320 758 Alex.
338 711 373 777 7,
393 713 448 757 οι.
474 711 506 756 et
522 713 604 778 quos
619 690 668 756 ibi
683 695 788 757 adfert
798 692 998 767 Gronovius,
1022 698 1077 758 etfr

67 797 137 862 flori
160 801 268 860 locum
285 812 318 874 5,
348 820 402 868 ιι,
425 811 457 876 5.
495 793 550 857 ubi
585 794 734 858 turbines
766 811 1078 868 commemorantur,

67 921 120 963 nro
139 901 177 961 ad
196 897 354 970 fluvium,
388 898 442 959 fed
465 897 506 958 ad
526 913 641 960 ventos
664 918 703 960 ex
729 896 869 961 aliorum
891 893 1079 960 iellimonio

67 1001 231 1066 referendos
248 1000 356 1063 censet
371 1001 535 1060 Dukerus.
573 999 722 1062 Testatur
737 997 772 1061 in
789 998 905 1085 primis
920 997 1079 1062 Libanius

67 1101 242 1165 irroratione
258 1101 390 1164 funebri
405 1099 440 1162 in
457 1097 574 1162 lulian'.
588 1103 630 1164 T.
653 1123 678 1164 ι.
695 1123 727 1184 p.
743 1115 825 1181 597.
844 1100 997 1180 (Reislr.)
1025 1099 1080 1167 cui

69 1203 130 1266 addi
144 1205 269 1288 polluat
281 1201 366 1266 Plin.
382 1215 416 1281 5,
435 1221 490 1264 οι.
509 1202 528 1264 l.
546 1213 601 1279 25.
626 1217 659 1263 et
673 1200 805 1266 Solinus
823 1223 893 1287 cap.
910 1219 968 1284 57.
983 1204 1005 1266 l.
1020 1215 1079 1288 4⁰·

70 1307 146 1368 Unde
168 1303 265 1366 etiam
289 1307 419 1366 accolae
442 1301 610 1365 canalibus
635 1301 747 1386 egestis
773 1325 832 1376 eo,
869 1320 907 1366 ut
928 1302 1081 1390 Aegyptii

68 1407 141 1482 Nilo,
165 1408 352 1478 utebantur,
380 1402 474 1468 cuins
489 1407 590 1466 modo
611 1405 752 1467 crescere
769 1407 953 1490 putabatur.
997 1408 1081 1470 Stra·

69 1509 353 1591 b016.pag.509.
374 1507 395 1574 s.
413 1517 495 1586 740.
524 1505 609 1569 Plin.
627 1519 660 1584 5,
686 1525 742 1570 οι.
760 1507 779 1570 l.
798 1521 853 1586 25.
880 1503 997 1570 Liban.
1014 1529 1042 1572 c.
1059 1511 1081 1572 l.

68 1613 107 1670 lle
120 1607 283 1670 fertilitate
304 1606 383 1670 inde
402 1623 471 1669 orta
489 1606 588 1669 etiam
603 1611 725 1676 Lucan.
745 1624 778 1686 3,
798 1613 878 1673 060.
905 1605 1024 1672 Cicero
1041 1610 1083 1674 de

68 1727 119 1774 nat.
137 1713 233 1773 Deor.
254 1729 287 1782 0,
307 1725 365 1789 50.
399 1711 517 1772 Sextus
532 1708 607 1772 llus.
624 1730 695 1794 cap.
717 1729 772 1777 οο.
791 1711 813 1773 f.
846 1709 957 1772 Mense
980 1707 1084 1796 Aprili

69 1829 93 1874 et
106 1810 235 1875 Octobri
257 1810 475 1873 intumescere
497 1831 574 1872 eum
596 1831 637 1872 ex
659 1808 750 1897 aquis
773 1810 976 1898 pluvialibus
993 1827 1084 1876 nota·

67 1911 106 1976 vit
117 1911 365 1998 Cartwrightus.
396 1909 467 1979 Vid.
483 1909 650 1996 Biisclring
664 1914 733 1977 Vol.
745 1927 777 1993 5.
795 1915 832 1979 P.
848 1937 877 1978 ι.
893 1935 925 1998 p.
941 1934 984 1981 an.
1003 1929 1084 1996 039.

128 2141 192 2200 por
216 2118 430 2182 Armenios
447 2115 522 2198 -)
571 2117 734 2202 Utrooque
748 2114 877 2182 dividit.
912 2115 984 2181 Vid.
999 2114 1085 2181 Plin.

71 2231 98 2298 5,
115 2239 166 2285 00.
182 2220 201 2284 s.
221 2231 279 2300 ⁰4·
310 2215 463 2280 Martian.
486 2219 618 2302 Capella
638 2215 695 2281 lib.
712 2220 745 2281 6.
767 2239 839 2303 pag.
859 2237 940 2281 000.
986 2219 1088 2306 Qnod

69 2319 143 2384 irlem
160 2323 198 2390 tle
212 2317 370 2384 Armenia
384 2334 418 2382 et
433 2317 552 2384 Cilicia
572 2319 671 2381 refert
687 2321 844 2382 Herodot.
861 2333 895 2398 5,
914 2331 972 2396 52.
1007 2319 1088 2382 Cili·

71 2421 142 2486 ciam
167 2421 269 2485 nimis
302 2419 459 2484 extendit.
507 2422 556 2490 De
588 2417 753 2490 Armeniis
778 2436 811 2489 et
835 2418 1088 2515 Cappadocibus

70 2523 125 2591 rid.
147 2526 188 2592 ad
213 2549 244 2598 a,
269 2539 304 2598 n,
331 2535 365 2602 5,

132 2727 284 2823 obstet)
332 2729 384 2788 De
404 2745 444 2788 eo
464 2723 550 2790 Plln.
569 2736 603 2806 5,
623 2727 792 2808 lto.s.a4.
824 2727 922 2810 Apud
942 2730 1091 2813 Elegiam

73 2836 191 2892 oceanis
206 2834 235 2891 ei
255 2830 375 2891 Tanna
392 2849 490 2901 motas,
507 2849 563 2890 nec
578 2827 701 2920 refestit,
724 2850 915 2914 quamquam
935 2832 1039 2896 tuM.
1052 2834 1089 2895 P.

72 2929 228 2993 latitudine
258 2931 454 3011 prraevaleat.
505 2927 559 2993 Sic
592 2931 740 2990 Taurum
769 2927 817 2991 ibi
844 2953 920 2994 eum
944 2931 1093 2996 scindere

73 3029 222 3094 scribitur
238 3029 351 3094 Plinio
370 3029 502 3092 Solinus
520 3051 548 3092 o.
564 3045 621 3106 57.
636 3031 655 3094 s.
671 3042 731 3110 4⁰·
757 3033 872 3094 Strabo
893 3055 946 3096 ιι.
963 3055 995 3116 p.
1009 3039 1090 3112 565.

74 3131 91 3191 s.
111 3147 188 3210 527.
216 3125 277 3196 εἶτ’
309 3129 494 3216 ἐπιστρέφει
525 3127 604 3220 πρὸς
628 3125 723 3196 so'aev
754 3125 809 3194 nai
838 3127 1008 3200 διακόπτει
1034 3133 1093 3201 τόν

27 3257 28 3270 ¹
73 3232 205 3322 Ταῦρον.
233 3235 323 3318 quod
340 3233 411 3296 fieri
427 3231 509 3294 dicit
526 3230 613 3294 inter
627 3229 826 3304 Armeniam,
850 3233 1095 3318 Cappadociam

74 3349 102 3394 et
118 3337 372 3419 Commagenen.
425 3334 525 3419 Quod
542 3331 669 3396 Plinius
683 3353 711 3396 c.
728 3337 749 3396 l.
770 3333 886 3408 tratlit,
910 3334 1094 3421 irrumpen-

73 3449 132 3498 tem
154 3451 276 3500 vocant
310 3437 469 3506 Omiram,
507 3455 585 3496 mox
616 3429 674 3496 ubi
709 3433 865 3520 perfregit
896 3439 1095 3518 Euphraten.

74 3535 210 3603 Ornatam
231 3535 312 3621 legit
332 3559 372 3600 ex
395 3532 488 3598 libris
510 3535 641 3603 Salmas,
656 3537 698 3599 ad
717 3535 820 3601 Solin.
837 3559 905 3623 cap.
925 3555 982 3616 37.
1001 3543 1021 3602 l.
1035 3553 1096 3618 40.

75 3658 102 3720 p.
115 3661 155 3700 tu.
172 3650 258 3720 441.
279 3654 312 3701 et
332 3634 491 3700 Harduin.
514 3638 554 3698 orl
577 3635 662 3700 Plin.
679 3658 707 3704 c.
726 3641 746 3702 l.
767 3655 861 3722 putat
884 3638 919 3702 in
941 3638 1025 3702 libro
1046 3643 1095 3703 lu·

75 3737 148 3802 clitis.
168 3759 200 3812 0,
222 3752 276 3822 04.
296 3755 475 3802 torrentem
491 3736 603 3802 vocari
620 3738 798 3805 Mambrae.
850 3743 889 3804 ln
906 3739 1038 3805 Graecis
1055 3742 1098 3803 ell

74 3835 222 3930 ’Δβρῶιω
261 3839 373 3925 Pergit
388 3839 456 3924 post
472 3837 599 3902 Plinius
615 3843 668 3911 frc,
690 3843 780 3924 quod
794 3843 835 3904 ad
851 3843 972 3905 Melam
988 3841 1097 3927 proxi-

76 3961 125 4004 me
149 3941 245 4010 facit:¹
283 3941 379 4022 Apud
411 3941 634 4022 Claudiopolin
660 3940 889 4021 Cappadociae
911 3937 1033 4038 arrasum
1055 3944 1101 4008 acl

76 4037 211 4136 occasum
225 4035 307 4136 solis
329 4045 408 4125 agit.
460 4043 602 4104 Primum
624 4043 708 4104 hirae
727 4044 776 4104 illi
797 4047 829 4106 in
852 4067 962 4128 pagam
979 4047 1102 4109 scarras

75 4136 195 4238 uasat,
224 4147 389 4232 metusque
405 4157 437 4210 at
453 4134 604 4240 asscr'ffias
615 4138 765 4237 fibirnrt,
797 4144 975 4214 alienando
998 4150 1103 4214 macla
