2748 4888
199 421 258 480 nr
285 421 425 480 nour.
456 421 563 478 nar.
603 421 712 478 cur.
755 421 832 482 nr.
874 423 953 494 ec.
1059 433 1100 498 23

64 599 135 659 aicae
150 595 243 658 urbia
266 596 401 657 nomine
415 595 565 676 explicat.
599 607 632 656 et
645 595 790 658 Thraciis
809 596 993 659 nominibus
1014 596 1097 656 inlu·

61 699 128 762 arat.
164 699 232 762 Sed
252 698 331 779 quid
353 697 513 757 Thracum
537 697 644 780 lingua
663 699 696 758 in
714 697 882 780 Hispania?
913 699 1044 764 Ciuver.
1060 698 1095 758 in

59 800 158 862 Germ.
174 813 243 862 ant.
263 819 295 868 ι.
311 814 345 873 7.
359 818 391 879 p.
404 811 462 874 50.
481 796 634 868 observat.
660 817 772 860 omnes
786 799 878 861 urbea
895 805 936 862 ira
953 799 1095 860 defluen-

56 915 98 964 tes
113 905 147 962 in
164 897 320 982 Hispania
336 915 368 962 et
388 899 487 960 Gallia
502 899 540 960 ad
560 898 731 962 fluminum
746 902 828 984 ripae
851 899 940 962 iuiiie
961 900 1092 983 poium

56 1005 138 1064 unde
161 1003 339 1070 existimat.
371 1001 541 1084 fignificare
565 1015 709 1080 pontem,
742 1003 829 1085 quod
855 1016 887 1063 er
912 1003 1094 1086 linguarum

55 1106 214 1165 variarum
237 1103 376 1164 dialecto
398 1103 545 1172 adiurat.
579 1117 611 1165 et
634 1104 745 1166 muitie
766 1105 922 1186 exemplis
939 1104 1093 1166 inlustrat.

54 1207 117 1268 Alii
147 1205 240 1266 aliter
272 1205 441 1286 explicant.
493 1200 543 1266 cf.
566 1205 664 1264 etiam
686 1205 726 1266 da
749 1204 783 1268 h.
804 1227 836 1268 v.
874 1206 1033 1288 Goropiue
1059 1205 1094 1264 iu

55 1303 185 1388 Hispan.
207 1306 266 1368 lib.
286 1323 317 1366 o.
339 1325 410 1390 pag.
427 1315 484 1382 25.
514 1304 653 1367 Mariana
676 1306 744 1369 hist.
764 1307 804 1368 rie
822 1305 987 1390 l'Espagne
1002 1307 1044 1368 T.
1064 1325 1093 1368 ι.

54 1429 83 1490 p.
102 1419 159 1487 24.
188 1408 246 1488 qui
268 1406 469 1468 aGermanis
483 1407 616 1468 derivat.
664 1409 838 1490 Quaeritur
851 1409 957 1478 hodie,
977 1409 1034 1469 ubi
1050 1405 1094 1468 est

54 1510 171 1590 Lagus,
200 1503 489 1588 irequenriffimum
511 1521 543 1568 et
564 1505 797 1570 nobiiiffimuru
820 1511 987 1592 oppidum.
1040 1503 1093 1572 Cf.

54 1609 233 1672 Reiandiua
252 1610 308 1670 lib.
324 1619 357 1688 4.
381 1629 412 1691 p.
436 1609 515 1683 186.
532 1630 559 1669 c.
578 1611 600 1673 l.
623 1624 746 1692 praeter
766 1613 853 1674 aiios.
907 1610 1002 1694 Quod
1026 1609 1095 1691 qui·

53 1713 124 1773 dem
140 1708 388 1794 praeferendum
406 1709 449 1771 est
468 1729 579 1770 eorum
596 1713 761 1793 opinioni,
789 1715 842 1794 qui
862 1710 1018 1792 Goymbra
1036 1729 1094 1793 pu·

51 1826 131 1882 tant,
164 1827 204 1874 ur
222 1811 385 1873 Olivariue
400 1812 438 1872 ad
462 1811 579 1873 Melam
601 1827 634 1875 et
652 1811 795 1896 Tarapha
817 1815 920 1876 norati
942 1832 958 1874 a
982 1810 1094 1875 Nonio
1155 1895 1158 1900 Ι

52 1916 82 1975 iu
100 1913 191 1998 Hiip.
210 1933 280 1996 cap.
298 1927 356 1992 37.

122 2129 278 2198 portus
311 2113 593 2197 Hannibalis)
643 2118 676 2180 Si
701 2119 780 2180 inira
805 2117 955 2183 Cuneum
980 2133 1093 2202 agrum

54 2219 102 2280 rel
130 2221 176 2279 cia
208 2223 469 2300 promontorium
502 2221 631 2280 Sacrum
661 2222 784 2304 vulgari
811 2219 866 2280 usu
893 2218 1092 2289 subsistimus,

53 2339 148 2402 prope
167 2319 282 2398 Lagus
305 2321 501 2399 quaerendus
523 2320 581 2391 est,
608 2321 662 2382 ubi
682 2321 857 2383 Resendiua
875 2341 907 2402 p.
929 2321 1016 2398 186.
1026 2339 1052 2382 o.
1069 2319 1092 2382 l.

53 2421 144 2480 habet
166 2421 251 2480 duos
275 2435 384 2501 porrus
405 2439 443 2480 ex
460 2423 587 2484 riuobue
607 2423 691 2485 ostiis
707 2421 815 2493 factos,
843 2421 875 2484 V
876 2423 1093 2482 iiiauoveuum

54 2520 245 2590 faciliorem,
274 2536 306 2580 et
328 2519 548 2582 Aiboritanum
571 2521 780 2586 difficiliorem
803 2521 929 2592 acceffu.
955 2540 1093 2604 quorum

54 2623 105 2684 iile
127 2623 219 2683 hunc
237 2619 327 2682 fuiffa
348 2633 439 2703 purat
460 2639 589 2706 propter
610 2626 672 2687 ioci
691 2625 783 2684 suum
801 2638 833 2686 et
850 2625 1093 2684 munimentum

54 2725 152 2785 maine
170 2724 211 2784 ab
223 2723 362 2784 Hercule
378 2725 509 2786 dicrum.
543 2725 727 2789 Menoetius
746 2723 962 2787 Vasconceliue
977 2725 1016 2785 ad
1031 2725 1094 2785 ua·

55 2825 200 2888 iendium
219 2845 252 2907 p.
271 2825 354 2899 256.
372 2825 455 2885 inter
472 2824 561 2888 Villa
582 2847 667 2888 nova
687 2825 726 2888 de
745 2829 933 2888 Portimano
947 2839 978 2887 er
995 2825 1095 2887 Alvor

56 2927 197 2988 fluctuat.
258 2925 299 2988 Δῑ
324 2925 346 2985 ii
375 2922 568 3008 superiorem
598 2929 744 2990 ordinem
775 2943 809 2988 et
843 2921 1094 3012 progreffionem

56 3027 206 3110 [equatio.
231 3042 346 3108 portua
366 3027 410 3088 eii
431 3030 554 3091 celeber
573 3049 674 3113 prope
694 3029 835 3092 Seruvai.

126 3227 324 3312 Ebora)
382 3229 476 3312 Apud
503 3231 642 3295 Prolem.
667 3247 699 3302 o.
722 3243 755 3310 5.
781 3223 1008 3318 eii'EBoupa‚
1042 3225 1096 3290 sed

56 3329 165 3392 Ebora
197 3333 357 3394 veriorem
389 3331 448 3394 effe
479 3331 662 3415 scripturam
692 3338 848 3396 evincunt
879 3336 988 3394 multa.
1047 3331 1095 3392 lta

56 3453 171 3515 nempe
190 3433 276 3495 Plin.
293 3443 327 3511 4.
345 3445 403 3512 35.
420 3433 439 3496 s.
455 3449 512 3496 22.
536 3439 653 3496 linton.
679 3437 785 3497 itiner.
807 3455 878 3518 pag.
897 3443 981 3516 418.
1004 3445 1037 3494 et
1060 3433 1096 3492 in

57 3537 168 3616 primis
192 3531 433 3618 inscriptiones.
467 3556 541 3617 quaa
567 3535 697 3598 exhibet
720 3535 894 3598 Reiendiue
916 3539 949 3595 in
972 3535 1093 3615 aniiqu.

58 3637 151 3697 Lufit.
174 3648 209 3696 et
232 3636 271 3695 de
293 3637 479 3718 antiquitate
501 3637 640 3730 Ebopae‚
671 3640 758 3699 unde
782 3637 890 3698 retulit
914 3635 1040 3698 Nonius
1060 3637 1095 3696 in

57 3737 207 3820 Hispania
227 3755 295 3817 cap.
311 3751 370 3814 32.
402 3757 480 3820 quae
504 3758 618 3801 omnes
644 3759 700 3822 per
716 3760 735 3800 o
751 3737 897 3800 efferunt.
933 3734 983 3800 of.
1001 3737 1096 3798 etiam

58 3838 278 3902 Vasconcellua
301 3841 338 3900 ad
365 3837 512 3900 Reiendii
533 3842 655 3922 antiqu.
674 3839 812 3902 Lusuan.
836 3859 867 3920 p.
887 3839 933 3902 26
954 3837 994 3918 sq.
1029 3837 1098 3898 Nec

6 3984 11 3992 .
58 3943 166 4002 minue
187 3941 316 4020 antiqua
341 3942 490 4010 concilia,
524 3941 564 4003 de
583 3941 801 4023 quibuaidem
819 3937 1035 4002 Vasconceilua
1059 3937 1098 3998 ad
1215 3963 1217 3974 ⁴

57 4043 113 4104 lib.
130 4057 163 4120 5.
180 4061 253 4124 pag.
275 4059 330 4106 ιο.
353 4041 408 4102 ubi
425 4055 456 4104 er
473 4039 534 4124 [qq.
553 4045 592 4105 de
611 4042 715 4103 Ebora
735 4043 809 4126 agit.
848 4041 971 4104 Plinius
986 4053 1019 4118 4,
1038 4051 1098 4117 35.

58 4141 158 4210 [aa.
183 4141 315 4228 oppidio
333 4145 450 4208 veterio
470 4145 553 4208 Latii
575 4145 838 4215 adnumerabor
861 4141 1098 4207 liberalitatem
