2696 4896
170 391 225 448 ru
252 389 388 448 roua.
418 390 525 450 naa„
567 392 677 450 nm.
718 392 810 453 cv.
851 389 929 462 to.
1017 393 1076 463 ιω

102 560 295 644 Dahas)
343 565 390 625 lta
413 563 514 627 solent
537 565 661 638 Latini;
699 565 810 630 Graeci
831 559 936 637 adai,
960 562 1015 627 etii
1036 561 1073 624 in

19 665 203 747 utrimque
225 665 353 750 liuguae
374 669 553 730 auctoribus
578 666 725 748 scriptura
749 666 837 750 saepe
854 669 1009 737 variatur,
1035 675 1073 726 ut

21 767 129 828 docui
155 769 192 826 in
209 780 416 830 commentar.
434 771 502 832 crit.
526 789 557 851 p.
581 782 646 847 135
665 768 706 852 sq.
758 771 796 831 ln
812 769 980 832 Herodoto
997 765 1072 828 sunt

21 862 113 930 Arica
138 888 170 939 a.
195 883 274 946 125.
292 866 314 932 s.
347 864 457 944 Δάσας
475 872 569 933 etiam
591 871 692 933 dictor
713 869 772 934 esse
789 883 878 933 notat
892 869 1072 954 Stephanae

24 972 56 1034 h.
75 991 115 1032 v.
151 971 288 1044 Δαΐους,
308 972 370 1040 vel.
386 973 471 1052 quod
488 973 612 1043 volant,
627 966 745 1047 Δάους,
765 985 857 1036 votat
872 969 983 1036 Suidae
997 969 1018 1032 s.
1036 989 1071 1035 v.
1165 966 1166 972 '

24 1066 197 1155 Ἀγαθός.
239 1073 277 1132 ln
294 1071 484 1150 Scytharum
498 1075 626 1156 populia
648 1071 831 1136 reserandos
849 1073 927 1146 esse,
951 1075 1072 1135 docent

24 1173 147 1238 Strabo
168 1193 270 1256 aa.p.
288 1186 372 1252 352.
387 1173 406 1234 s.
426 1187 510 1250 511.
535 1175 620 1241 Plin.
638 1172 671 1248 6,
692 1174 784 1255 19.s.
805 1191 860 1252 17.
887 1176 1017 1240 Serviat
1032 1173 1072 1234 ad
1184 1188 1188 1194 ’

27 1275 148 1358 virgil.
164 1277 246 1336 Aen.
265 1286 299 1352 8,
315 1287 398 1353 728.
433 1277 612 1358 Stephanae
627 1278 659 1340 h.
673 1298 705 1340 v.
731 1279 786 1360 qui
809 1297 882 1339 cum
905 1277 1071 1339 Herodoto

27 1391 59 1439 et
77 1376 245 1439 Strabone
261 1375 420 1439 Nomadaa
437 1375 527 1449 sacit.
553 1379 659 1461 qualea
679 1376 743 1443 sero
760 1391 850 1442 erant
867 1397 980 1442 ornnea
997 1377 1072 1455 Scy·

30 1477 120 1539 thee.
186 1477 376 1540 Distributoo
407 1475 495 1542 inisse
527 1481 560 1540 in
594 1483 695 1544 varioa
725 1481 880 1564 populna.
913 1484 1072 1560 Apuanos.

30 1579 165 1665 (Parni
180 1579 320 1642 Ptolem.
340 1581 372 1652 6,
395 1579 470 1664 ro.)
496 1581 658 1645 Xontlaios
678 1596 712 1644 et
730 1575 884 1672 Paffuros,
906 1603 945 1645 ex
959 1579 1074 1664 quibua

32 1682 157 1764 Aparni
175 1683 306 1763 propina
324 1682 513 1760 Hyrcaniam
526 1698 558 1745 et
573 1684 758 1762 Hyrcanum
778 1703 864 1748 mare
881 1683 1074 1754 habitarunt.

32 1784 152 1864 reliqui
174 1779 281 1845 versut
300 1785 422 1853 Atiam,
448 1797 534 1867 patet
549 1805 587 1848 ex
603 1785 758 1848 Strabone
777 1805 805 1848 c.
823 1786 844 1848 l.
898 1787 936 1847 ln
953 1783 1011 1844 situ
1030 1795 1074 1844 ta·

33 1905 113 1947 uren
138 1883 364 1946 conslituendo
387 1885 563 1968 discrepant
583 1901 741 1960 auctores.
768 1887 854 1969 quod
874 1906 940 1949 non
955 1888 1076 1946 mirum

34 1987 78 2048 est
100 1988 135 2045 in
151 1987 245 2069 vagis
261 1987 396 2069 populia.
445 1989 497 2050 Sic
515 1989 770 2075 coniunguntur,
798 1989 886 2051 nude
902 1989 978 2050 sitne
993 1985 1077 2048 iudi·

35 2103 146 2156 tetur,
184 2107 258 2148 curu
283 2088 491 2160 Chorasmiis.
524 2090 626 2162 Sacis,
658 2090 852 2175 Maffngefia,
880 2089 1025 2151 aPlinio
1041 2085 1076 2158 6,

43 2188 139 2270 19.f.
167 2203 224 2263 ¹7·
255 2203 312 2268 37,
334 2203 391 2267 33.
411 2189 430 2251 s.
448 2203 482 2268 3.
506 2191 621 2254 Curtio
640 2207 674 2266 7,
690 2204 723 2272 4,
744 2195 776 2256 6.
805 2204 837 2270 3.
861 2213 889 2261 ι,
907 2203 940 2268 g.
967 2189 1076 2254 lustin.

41 2308 96 2361 ια,
122 2293 158 2355 6.
184 2303 265 2352 extr.
315 2291 400 2353 Ultra
430 2295 605 2377 Sogdiano·
634 2297 726 2376 ponit
747 2295 828 2356 Pliu.
845 2292 877 2363 6.
902 2311 956 2373 19.
978 2289 1000 2356 s.
1023 2305 1077 2365 ¹7·

1 2417 2 2420 ¹
37 2395 121 2456 lude
153 2413 172 2452 a
202 2389 316 2472 Caspio
346 2396 441 2462 mari.
475 2399 521 2455 uti
554 2396 774 2478 praecedentia
802 2396 936 2465 docent,
966 2410 1080 2456 eorum

38 2494 129 2557 [edet
150 2496 267 2575 incipit
284 2494 414 2565 Strabo,
442 2499 573 2559 ulterior
595 2495 700 2559 versuo
720 2503 875 2560 orientem
894 2497 984 2577 ponit
1002 2489 1082 2554 Mas·

39 2595 161 2682 sagetao
184 2609 218 2656 et
235 2597 348 2658 Dahae.
384 2597 584 2660 Ptolemaeua
603 2599 636 2668 6.
660 2619 713 2660 ιο.
740 2601 772 2658 in
801 2597 958 2680 Margiana
981 2611 1082 2678 prope

38 2699 167 2760 Parnon
193 2710 227 2757 et
255 2697 449 2782 Massagetae.
487 2699 664 2782 blangianae
692 2697 804 2760 scilicet
828 2701 923 2760 etiam
953 2697 1081 2759 incolae.

41 2799 106 2862 Ubi
126 2799 216 2858 Mela
239 2812 352 2878 ponat,
386 2819 424 2860 ex
444 2802 599 2860 adiunctio
622 2801 827 2882 intelligitur,
853 2800 906 2881 qui
926 2798 966 2858 sic
986 2797 1083 2858 maxi·

40 2921 97 2962 me
113 2919 193 2960 cum
209 2898 365 2961 Strabone
377 2899 550 2972 consentit,
570 2899 655 2964 secut
671 2921 705 2962 ao
719 2901 851 2964 Pliniua.
886 2900 971 2962 Cum
988 2899 1083 2961 talem

40 3001 138 3063 saciat
154 3001 222 3062 Oxi
238 2999 361 3061 cursum
379 3001 508 3072 Noster,
535 3003 633 3084 quasia
650 3016 920 3065 commemoratur
939 3003 973 3061 in
990 2999 1085 3062 hillo·

1 3153 2 3163 ,
41 3106 89 3164 ria
111 3105 270 3164 itinerum
291 3115 369 3163 terra
391 3107 532 3186 marique
551 3101 704 3165 sactorum
721 3105 761 3166 T.
781 3119 813 3179 7.
834 3125 866 3186 p.
880 3111 964 3180 242.
988 3100 1085 3164 flecti·

44 3219 101 3267 tur
124 3203 220 3266 Oxua
246 3201 352 3266 versuo
381 3205 537 3266 orientem
559 3205 727 3267 hibernum
752 3205 790 3266 ad
815 3206 892 3266 fines
913 3201 1087 3264 Brrobariae

42 3307 199 3374 maioris,
225 3304 311 3366 unde
326 3303 456 3386 obliquo
473 3305 562 3367 cursu
578 3326 663 3369 mare
675 3306 782 3368 versuo
803 3303 909 3366 transit
927 3294 1087 3394 Claaresm,

43 3429 111 3490 qua
129 3407 264 3488 quidem
279 3405 311 3465 in
329 3421 416 3488 parte
427 3407 528 3469 Dabar
539 3405 609 3470 suot
624 3407 804 3469 conlocavit
819 3405 912 3468 Mela.
945 3404 1088 3488 Quidam

1 3534 2 3584 i
45 3509 162 3571 Dahae
190 3504 363 3588 posuerunt
389 3509 427 3568 ad
458 3509 607 3590 paludem
637 3509 816 3576 Maeotida.
854 3507 901 3567 uti
928 3505 1089 3586 duplicem
1152 3541 1155 3550 ·

1 3593 2 3596 Ἴ
45 3608 201 3673 lecerunt
217 3605 389 3669 Caucasum
412 3624 444 3670 et
459 3610 600 3678 Tanain,
628 3621 659 3670 et
684 3611 759 3671 inde
783 3607 902 3670 noslroa
919 3607 1090 3676 duxerunt,

1 3749 2 3756 κ
46 3726 87 3773 ut
112 3725 221 3773 narrat
241 3709 354 3771 Strabo
372 3730 427 3774 rt.
442 3729 472 3792 p.
493 3723 575 3788 355.
594 3708 615 3775 s.
632 3723 715 3786 5¹5·
741 3709 942 3775 dubitatione
960 3710 1092 3789 quidem

47 3816 191 3876 adnexa.
228 3810 290 3874 dlii
306 3811 454 3874 Asiatico·
469 3833 508 3873 ex
523 3811 696 3893 Europaeia
711 3811 749 3872 ad
765 3810 886 3880 Istrum,
910 3811 964 3891 qui
983 3807 1093 3870 usitato

48 3917 135 3978 Daci
155 3925 328 3982 vocantur,
356 3913 512 3976 traductor
529 3911 588 3975 esl'e
604 3925 770 3994 putarunt.
798 3913 915 3992 dequo
932 3909 1043 3972 Strabo
1060 3925 1094 3984 7.

1 4049 2 4058 κ
28 4003 33 4010 ’
49 4040 86 4104 p.
107 4031 197 4079 nro.
215 4012 237 4076 s.
255 4027 339 4098 504.
365 4033 462 4095 quem
478 4011 594 4076 refutat
609 4011 734 4077 Salmas.
751 4014 789 4076 ad
804 4013 905 4076 Solin.
925 4023 982 4091 58.
999 4010 1095 4091 [41.
1162 4059 1170 4076 .

50 4141 87 4206 p.
117 4137 168 4184 m.
189 4127 274 4198 559.
320 4115 488 4199 Dacoaqoe
513 4115 664 4189 eoadem,
689 4115 746 4199 qui
769 4115 846 4188 Dai,
879 4112 970 4176 suilla·
991 4125 1095 4198 negat.
