2696 4896
245 398 304 444 tto
419 474 422 482 .
512 379 674 443 NOTAE
715 383 1016 442 trabeatione

318 555 539 639 aduritur)
588 553 663 620 Τῶν
685 552 876 644 θηλυτερῶν
897 554 955 622 τὸν
975 547 1079 626 δεξιὸν
1096 555 1203 648 μαζὸν
1221 554 1298 623 ἐπι·

242 656 361 731 καίειν,
396 655 448 722 ἵνα
474 652 518 747 μιν
543 655 631 721 nord
656 655 717 734 τοῖς
744 654 859 748 μάχας
887 660 953 724 τιῦν
976 659 1134 750 σωμάτων
1159 655 1300 748 ἐπαιρό-

242 783 338 854 μενος
363 757 488 846 ἐνοχλῇ
518 761 557 821 de
591 761 807 824 Amazonibus
839 763 974 826 Diodor.
1009 767 1070 826 Sic.
1095 780 1126 831 ιι,
1153 775 1211 842 45.
1237 785 1293 825 ιιι.

243 863 388 944 Etymol.
414 862 460 922 Μ.
484 859 505 922 s.
529 881 560 924 v.
589 856 763 948 Ἀμαζόνες
795 861 921 946 usurpat
954 864 1050 926 verba
1089 859 1222 928 κόπτειν
1252 879 1296 926 et

243 963 356 1035 καίειν,
369 1021 372 1028 .
384 963 524 1026 Euttath.
542 963 578 1024 ad
598 964 731 1026 Homer.
743 965 780 1025 ss.
793 979 825 1043 5,
841 977 920 1044 189.
937 963 1078 1054 πηροῦν,
1099 967 1211 1029 Strabo
1230 988 1242 1027 t
1256 989 1267 1026 ι
1279 1011 1293 1031 .

243 1089 278 1152 p.
290 1079 372 1147 347.
383 1063 403 1128 i.
418 1075 500 1143 504.
517 1058 668 1127 ἐπικαίειν
683 1099 741 1128 -.
759 1065 825 1147 ipsa
841 1087 889 1128 rea
905 1070 1088 1149 ceteroquin
1105 1067 1147 1129 eii
1165 1065 1293 1132 notiffi·

243 1189 314 1239 ma,
341 1182 389 1238 et,
415 1167 469 1249 qui
489 1166 663 1227 testimonia
681 1179 826 1228 veterum
844 1167 1011 1240 desiderat,
1040 1171 1130 1230 adeat
1146 1170 1231 1232 Petit
1251 1173 1292 1232 in

244 1269 337 1333 truite
354 1269 403 1330 sur
419 1270 463 1330 see
477 1270 655 1329 Amazones
680 1288 705 1332 c.
725 1284 783 1332 22.
836 1270 918 1330 Addi
935 1284 1038 1332 tamen
1055 1271 1169 1352 potest,
1197 1271 1292 1353 quod

245 1372 427 1436 Eusiathiue
449 1369 486 1431 ad
505 1371 637 1430 Homer.
656 1370 691 1430 ΙΙ.
709 1379 743 1446 4,
766 1381 1058 1452 118.p.m.343.
1082 1387 1181 1442 notat,
1209 1373 1291 1434 ideo

244 1473 365 1536 fuctum
383 1471 458 1542 cisa,
485 1472 571 1554 quod
594 1488 632 1532 ex
654 1471 776 1540 vetusto
794 1491 883 1532 more
902 1494 1040 1534 nervum
1060 1494 1218 1536 mammae
1236 1475 1293 1535 ad·

245 1574 442 1645 movebant,
480 1593 554 1636 cum
585 1575 776 1634 recentiores
803 1575 840 1633 ad
868 1575 1011 1634 dextram
1042 1595 1142 1656 usque
1173 1595 1293 1637 aorem

245 1697 355 1742 etcum
379 1677 600 1744 intenderent,
628 1673 701 1735 teste
721 1675 878 1756 Procopio
895 1677 929 1735 in
948 1677 1076 1736 Persicis
1099 1699 1125 1746 ι,
1147 1698 1175 1738 ι.
1210 1681 1294 1757 Scy·

245 1781 317 1842 thas
330 1778 367 1840 ad
386 1779 551 1845 humeros,
578 1776 687 1838 Cretae
705 1775 741 1836 ad
761 1795 914 1838 mammae
929 1777 1120 1849 admovisse,
1142 1797 1180 1838 ex
1201 1777 1294 1841 Neo-

247 1883 310 1944 tete
328 1878 424 1942 refert
441 1879 548 1940 Schol.
561 1875 680 1940 Villois.
694 1877 732 1938 ad
746 1879 880 1940 Homer.
898 1879 934 1941 ll.
952 1889 984 1953 8,
1003 1893 1087 1956 323.
1118 1878 1168 1942 Cs.
1188 1882 1294 1942 etiam

246 1983 391 2046 Eustatb.
409 1982 448 2042 ad
471 2000 499 2042 c.
522 1980 542 2040 ι.
566 1999 638 2064 pag.
656 1979 740 2042 δον.
768 1995 801 2040 et
822 1979 934 2058 liayeri
952 1980 1057 2062 opusc.
1082 2003 1113 2064 p.
1137 1994 1215 2058 138.
1232 1981 1293 2046 ed.

246 2086 356 2148 Klotz.
398 2077 605 2162 Hippocrates
623 2100 649 2141 c.
673 2081 694 2143 Ι.
717 2081 789 2141 ideo
811 2077 929 2142 sactum
952 2081 1010 2143 esse
1036 2080 1160 2156 scribit,
1193 2099 1231 2145 ut
1249 2083 1296 2145 ad

249 2185 397 2248 dextrum
414 2183 587 2244 humerum
603 2197 635 2244 et
650 2182 815 2244 brachium
834 2185 883 2245 via
901 2181 1086 2250 deferretur.

323 2376 558 2479 exseritur)
607 2383 787 2458 Profertur,
812 2389 950 2458 eminet,
977 2399 1014 2447 ut
1034 2387 1171 2470 conspici
1190 2384 1295 2470 possit

248 2503 283 2554 et
302 2489 401 2551 libere
422 2489 545 2560 iactari,
579 2500 616 2547 ut
631 2488 792 2570 Coripput
812 2506 840 2558 t,
862 2501 945 2566 233.
968 2489 1099 2550 addidit
1117 2493 1293 2572 antiquam

248 2590 426 2654 tendentem
446 2587 576 2650 bractia
599 2591 736 2650 Romam
759 2581 898 2679 Exserto
918 2603 949 2651 ct
972 2591 1090 2651 nudam
1110 2589 1291 2680 gestantem

187 2695 197 2721 ”
246 2703 373 2775 pectore
392 2711 581 2763 mammam,⁸
614 2691 668 2751 ubi
688 2691 745 2752 alia
762 2692 827 2751 locu
850 2691 888 2751 de
910 2691 967 2752 hac
989 2693 1126 2775 imagine
1140 2691 1293 2754 adserun-

248 2807 320 2864 tur,
347 2794 381 2853 in
397 2791 511 2874 quibua
525 2813 563 2853 ex
582 2791 777 2872 Symmacho
794 2808 825 2860 Ω,
844 2807 875 2866 7.
891 2793 990 2874 ‚verba
1004 2787 1126 2884 exserta
1141 2807 1171 2852 et
1191 2795 1293 2873 pleno

248 2892 338 2956 tabere
362 2895 479 2958 Roma.
531 2895 583 2956 Sic
615 2913 692 2956 veto
719 2895 753 2954 in
779 2893 914 2954 dicendo
945 2890 1077 2955 brachia
1103 2893 1292 2956 exserebant

250 3008 390 3060 oratores
417 3009 449 3056 et
475 2993 676 3077 philosophi,
714 2994 753 3056 de
780 3014 845 3075 quo
873 2993 985 3054 habitu
1012 2997 1110 3056 multa
1144 2997 1291 3082 conlegit

251 3099 368 3161 Savaro
384 3097 422 3156 ad
440 3097 549 3158 Sidon.
562 3097 732 3176 Apollinar.
751 3115 784 3174 9.
803 3096 889 3178 epist.
901 3113 934 3173 9.
953 3118 984 3179 p.
996 3099 1078 3174 586.
1105 3097 1159 3157 ubi
1174 3098 1292 3160 Aristo·

250 3201 329 3264 telea
356 3199 471 3259 dicitur
494 3200 528 3257 in
550 3197 709 3274 Prytaneo
741 3198 846 3278 pictua
878 3193 966 3258 fuisse
995 3188 1116 3288 exserto
1144 3197 1286 3262 brachio.

249 3303 290 3364 lu
316 3301 428 3384 primic
455 3313 561 3361 autem
588 3299 639 3360 bic
665 3297 766 3383 gestito
792 3311 926 3363 notatur¹
946 3300 985 3359 de
1010 3299 1215 3370 bellantibus,
1251 3305 1289 3363 in

250 3403 410 3486 proelium
426 3402 532 3471 ituria,
559 3412 613 3462 aut
635 3401 671 3460 ad
695 3420 835 3483 pugnam
855 3397 884 3460 se
905 3401 1181 3482 componentibus.
1234 3404 1292 3465 Sic

250 3505 477 3573 Frontinum,
504 3522 535 3575 1,
561 3515 594 3578 3.
617 3503 712 3562 dicit:
744 3492 943 3592 deposcentes
968 3523 1108 3582 pugnant
1131 3505 1290 3566 statueras-

250 3626 310 3689 que
336 3596 525 3695 exscreatus,
566 3603 622 3663 ubi
648 3602 729 3664 male
756 3604 849 3665 codd.
877 3603 1004 3682 quidam
1032 3601 1178 3664 adserunt
1204 3627 1290 3666 eccer-

252 3718 364 3766 centes.
404 3703 454 3768 Cs.
473 3705 528 3768 sit.
552 3706 623 3766 itai.
639 3716 671 3781 8,
692 3715 775 3780 587.
801 3705 919 3765 Statius
940 3701 1044 3766 Theb.
1062 3715 1095 3783 4,
1119 3719 1202 3783 235.
1230 3705 1290 3767 uhi

251 3807 318 3869 vid.
335 3805 502 3877 Burtbiua,
532 3805 743 3886 Oudendorp.
766 3805 803 3865 ad
826 3805 968 3866 Frontin.
986 3825 1013 3868 c.
1029 3807 1049 3868 Ι.
1076 3807 1224 3888 idemque
1248 3810 1288 3868 ad

251 3906 371 3969 Lucan.
391 3921 422 3988 5,
439 3904 521 3987 693.
551 3905 732 3970 Broukhus.
750 3906 787 3966 od
804 3907 946 3986 Propert.
963 3925 991 3976 ι,
1004 3919 1130 3986 amat.
1155 3923 1186 3970 et
1208 3907 1289 3991 qu'oe

251 4009 400 4080 laudant,
432 4011 629 4090 omninoque
647 4010 685 4070 de
707 4009 742 4069 vi
765 4023 797 4068 et
820 4006 873 4067 usu
897 3989 991 4068 huius
1008 4009 1098 4068 verbi
1120 4012 1180 4070 viri
1201 4012 1289 4072 docti

252 4111 291 4172 ad
314 4111 374 4174 lul.
401 4108 487 4174 Caes.
513 4111 554 4172 de
576 4110 615 4172 B.
641 4109 680 4171 G.
700 4129 733 4192 7,
759 4123 817 4186 50.
853 4107 909 4169 ubi
934 4109 1079 4172 Davisius
1102 4113 1233 4193 quidem
1257 4123 1289 4175 et
