<?xml version="1.0" encoding="UTF-8"?>
<!DOCTYPE html PUBLIC "-//W3C//DTD XHTML 1.0 Transitional//EN"
    "http://www.w3.org/TR/xhtml1/DTD/xhtml1-transitional.dtd">
<html xmlns="http://www.w3.org/1999/xhtml" xml:lang="en" lang="en">
 <head>
  <title>
</title>
<meta http-equiv="Content-Type" content="text/html;charset=utf-8" />
  <meta name='ocr-system' content='tesseract 3.04.00' />
  <meta name='ocr-capabilities' content='ocr_page ocr_carea ocr_par ocr_line ocrx_word'/>
</head>
<body>
  <div class='ocr_page' id='page_1' title='image "./pomponiimelaede03melagoog_0089.png"; bbox 0 0 2748 4888; ppageno 0'>
   <div class='ocr_carea' id='block_1_1' title="bbox 159 425 1062 504">
    <p class='ocr_par' dir='ltr' id='par_1_1' title="bbox 159 425 1062 504">
     <span class='ocr_line' id='line_1_1' title="bbox 159 425 1062 504; baseline -0.006 -18"><span class='ocrx_word' id='word_1_1' title='bbox 159 427 501 488; x_wconf 66' lang='grc'><strong>1110111111.</strong></span> <span class='ocrx_word' id='word_1_2' title='bbox 541 426 652 484; x_wconf 74' lang='lat' dir='ltr'><strong>Lur.</strong></span> <span class='ocrx_word' id='word_1_3' title='bbox 694 426 801 486; x_wconf 81' lang='lat' dir='ltr'><strong>cnr</strong></span> <span class='ocrx_word' id='word_1_4' title='bbox 842 425 921 500; x_wconf 68' lang='grc'><strong>11.</strong></span> <span class='ocrx_word' id='word_1_5' title='bbox 1020 437 1062 504; x_wconf 68' lang='lat'><strong>03</strong></span> 
     </span>
    </p>
   </div>
   <div class='ocr_carea' id='block_1_2' title="bbox 62 597 1060 686">
    <p class='ocr_par' dir='ltr' id='par_1_2' title="bbox 62 597 1060 686">
     <span class='ocr_line' id='line_1_2' title="bbox 62 597 1060 686; baseline 0 -18"><span class='ocrx_word' id='word_1_6' title='bbox 62 604 155 674; x_wconf 77' lang='lat' dir='ltr'><strong>nuris,</strong></span> <span class='ocrx_word' id='word_1_7' title='bbox 186 604 234 664; x_wconf 89' lang='lat' dir='ltr'><strong>nti</strong></span> <span class='ocrx_word' id='word_1_8' title='bbox 255 602 366 666; x_wconf 81' lang='lat' dir='ltr'><strong>Noster</strong></span> <span class='ocrx_word' id='word_1_9' title='bbox 395 597 565 686; x_wconf 79' lang='lat' dir='ltr'><strong>pueritiam</strong></span> <span class='ocrx_word' id='word_1_10' title='bbox 587 603 620 662; x_wconf 90' lang='lat' dir='ltr'><strong>in</strong></span> <span class='ocrx_word' id='word_1_11' title='bbox 640 602 705 666; x_wconf 88' lang='lat' dir='ltr'><strong>hoc</strong></span> <span class='ocrx_word' id='word_1_12' title='bbox 724 602 764 665; x_wconf 80' lang='lat' dir='ltr'><strong>eb</strong></span> <span class='ocrx_word' id='word_1_13' title='bbox 787 603 935 665; x_wconf 76' lang='lat' dir='ltr'>adultiori</span> <span class='ocrx_word' id='word_1_14' title='bbox 959 617 1060 668; x_wconf 78' lang='lat' dir='ltr'><strong>aetate</strong></span> 
     </span>
    </p>
   </div>
   <div class='ocr_carea' id='block_1_3' title="bbox 63 703 1169 789">
    <p class='ocr_par' dir='ltr' id='par_1_3' title="bbox 63 703 1169 789">
     <span class='ocr_line' id='line_1_3' title="bbox 63 703 1169 789; baseline 0 -21"><span class='ocrx_word' id='word_1_15' title='bbox 63 707 93 768; x_wconf 85' lang='lat' dir='ltr'><strong>rel</strong></span> <span class='ocrx_word' id='word_1_16' title='bbox 111 704 228 776; x_wconf 81' lang='lat' dir='ltr'><strong>reditu,</strong></span> <span class='ocrx_word' id='word_1_17' title='bbox 254 706 305 766; x_wconf 82' lang='lat' dir='ltr'><strong>vei</strong></span> <span class='ocrx_word' id='word_1_18' title='bbox 328 707 474 766; x_wconf 84' lang='lat' dir='ltr'><strong>nuditate</strong></span> <span class='ocrx_word' id='word_1_19' title='bbox 493 703 666 789; x_wconf 76' lang='lat' dir='ltr'><strong>distinguit.</strong></span> <span class='ocrx_word' id='word_1_20' title='bbox 717 705 849 766; x_wconf 76' lang='lat' dir='ltr'><strong>Tacitue</strong></span> <span class='ocrx_word' id='word_1_21' title='bbox 867 707 1001 766; x_wconf 87' lang='lat' dir='ltr'><strong>omniuo</strong></span> <span class='ocrx_word' id='word_1_22' title='bbox 1019 705 1059 769; x_wconf 86' lang='lat' dir='ltr'><strong>de</strong></span> <span class='ocrx_word' id='word_1_23' title='bbox 1166 775 1169 783; x_wconf 57' lang='grc'><em>,</em></span> 
     </span>
    </p>
   </div>
   <div class='ocr_carea' id='block_1_4' title="bbox 55 796 1060 1600">
    <p class='ocr_par' dir='ltr' id='par_1_4' title="bbox 55 796 1060 1600">
     <span class='ocr_line' id='line_1_4' title="bbox 61 796 1059 896; baseline -0.001 -27"><span class='ocrx_word' id='word_1_24' title='bbox 61 809 136 869; x_wconf 77' lang='lat' dir='ltr'><strong>dnm.</strong></span> <span class='ocrx_word' id='word_1_25' title='bbox 151 827 214 889; x_wconf 77' lang='lat' dir='ltr'><strong>cup.</strong></span> <span class='ocrx_word' id='word_1_26' title='bbox 228 821 281 882; x_wconf 79' lang='lat'><strong>17.</strong></span> <span class='ocrx_word' id='word_1_27' title='bbox 303 819 443 886; x_wconf 80' lang='lat' dir='ltr'><strong>tegumen</strong></span> <span class='ocrx_word' id='word_1_28' title='bbox 461 803 602 866; x_wconf 86' lang='lat' dir='ltr'><strong>omuibus</strong></span> <span class='ocrx_word' id='word_1_29' title='bbox 609 796 728 896; x_wconf 78' lang='lat' dir='ltr'><strong>sogum</strong></span> <span class='ocrx_word' id='word_1_30' title='bbox 743 839 794 854; x_wconf 93' lang='lat'>-</span> <span class='ocrx_word' id='word_1_31' title='bbox 819 807 930 868; x_wconf 81' lang='lat' dir='ltr'><strong>Cetera</strong></span> <span class='ocrx_word' id='word_1_32' title='bbox 947 808 1059 870; x_wconf 72' lang='lat' dir='ltr'><strong>inuecti</strong></span> 
     </span>
     <span class='ocr_line' id='line_1_5' title="bbox 58 899 1059 997; baseline 0.001 -27"><span class='ocrx_word' id='word_1_33' title='bbox 58 922 118 970; x_wconf 84' lang='lat' dir='ltr'><strong>utos</strong></span> <span class='ocrx_word' id='word_1_34' title='bbox 130 907 190 969; x_wconf 80' lang='lat' dir='ltr'><strong>dies</strong></span> <span class='ocrx_word' id='word_1_35' title='bbox 203 899 418 997; x_wconf 78' lang='lat' dir='ltr'><strong>iuxtafocum</strong></span> <span class='ocrx_word' id='word_1_36' title='bbox 434 919 531 990; x_wconf 77' lang='lat' dir='ltr'><strong>atque</strong></span> <span class='ocrx_word' id='word_1_37' title='bbox 544 908 646 988; x_wconf 78' lang='lat' dir='ltr'><strong>iguem</strong></span> <span class='ocrx_word' id='word_1_38' title='bbox 664 921 775 987; x_wconf 81' lang='lat' dir='ltr'><strong>agunt.</strong></span> <span class='ocrx_word' id='word_1_39' title='bbox 819 907 943 970; x_wconf 85' lang='lat' dir='ltr'><strong>sbidetn</strong></span> <span class='ocrx_word' id='word_1_40' title='bbox 960 911 1059 971; x_wconf 81' lang='lat' dir='ltr'><strong>etium</strong></span> 
     </span>
     <span class='ocr_line' id='line_1_6' title="bbox 57 1006 1060 1090; baseline 0.002 -20"><span class='ocrx_word' id='word_1_41' title='bbox 57 1009 174 1070; x_wconf 83' lang='lat' dir='ltr'><strong>restitum</strong></span> <span class='ocrx_word' id='word_1_42' title='bbox 193 1007 369 1070; x_wconf 77' lang='lat' dir='ltr'><strong>femineum</strong></span> <span class='ocrx_word' id='word_1_43' title='bbox 392 1006 547 1070; x_wconf 74' lang='lat' dir='ltr'><strong>describit.</strong></span> <span class='ocrx_word' id='word_1_44' title='bbox 603 1007 717 1070; x_wconf 87' lang='lat' dir='ltr'><strong>Nudus</strong></span> <span class='ocrx_word' id='word_1_45' title='bbox 744 1011 875 1090; x_wconf 85' lang='lat' dir='ltr'><strong>quidem</strong></span> <span class='ocrx_word' id='word_1_46' title='bbox 897 1013 993 1070; x_wconf 80' lang='lat' dir='ltr'><strong>etiem</strong></span> <span class='ocrx_word' id='word_1_47' title='bbox 1016 1009 1060 1072; x_wconf 80' lang='lat' dir='ltr'><strong>ess</strong></span> 
     </span>
     <span class='ocr_line' id='line_1_7' title="bbox 56 1108 1059 1192; baseline 0.002 -20"><span class='ocrx_word' id='word_1_48' title='bbox 56 1111 149 1172; x_wconf 73' lang='lat' dir='ltr'><strong>latinie</strong></span> <span class='ocrx_word' id='word_1_49' title='bbox 164 1110 241 1172; x_wconf 80' lang='lat' dir='ltr'><strong>male</strong></span> <span class='ocrx_word' id='word_1_50' title='bbox 256 1111 398 1181; x_wconf 78' lang='lat' dir='ltr'><strong>vestitus,</strong></span> <span class='ocrx_word' id='word_1_51' title='bbox 425 1123 478 1172; x_wconf 82' lang='lat' dir='ltr'><strong>eut</strong></span> <span class='ocrx_word' id='word_1_52' title='bbox 496 1108 662 1192; x_wconf 74' lang='lat' dir='ltr'><strong>pannosae.</strong></span> <span class='ocrx_word' id='word_1_53' title='bbox 688 1123 724 1170; x_wconf 89' lang='lat' dir='ltr'><strong>ut</strong></span> <span class='ocrx_word' id='word_1_54' title='bbox 745 1111 827 1192; x_wconf 76' lang='lat' dir='ltr'><strong>apud</strong></span> <span class='ocrx_word' id='word_1_55' title='bbox 847 1112 998 1172; x_wconf 75' lang='lat' dir='ltr'><strong>Senectuti</strong></span> <span class='ocrx_word' id='word_1_56' title='bbox 1018 1113 1059 1174; x_wconf 88' lang='lat' dir='ltr'><strong>de</strong></span> 
     </span>
     <span class='ocr_line' id='line_1_8' title="bbox 56 1209 1059 1292; baseline 0.004 -20"><span class='ocrx_word' id='word_1_57' title='bbox 56 1209 136 1272; x_wconf 83' lang='lat' dir='ltr'><strong>henes.</strong></span> <span class='ocrx_word' id='word_1_58' title='bbox 153 1223 182 1288; x_wconf 84' lang='lat'><strong>5.</strong></span> <span class='ocrx_word' id='word_1_59' title='bbox 204 1225 256 1290; x_wconf 79' lang='lat'><strong>¹3·</strong></span> <span class='ocrx_word' id='word_1_60' title='bbox 285 1213 469 1282; x_wconf 78' lang='lat' dir='ltr'><strong>ueletiam,</strong></span> <span class='ocrx_word' id='word_1_61' title='bbox 502 1212 557 1292; x_wconf 90' lang='lat' dir='ltr'><strong>qui</strong></span> <span class='ocrx_word' id='word_1_62' title='bbox 579 1213 684 1273; x_wconf 81' lang='lat' dir='ltr'><strong>tunica</strong></span> <span class='ocrx_word' id='word_1_63' title='bbox 706 1213 825 1272; x_wconf 79' lang='lat' dir='ltr'><strong>incedit</strong></span> <span class='ocrx_word' id='word_1_64' title='bbox 846 1215 979 1274; x_wconf 72' lang='lat' dir='ltr'><strong>indutus</strong></span> <span class='ocrx_word' id='word_1_65' title='bbox 997 1214 1059 1276; x_wconf 84' lang='lat' dir='ltr'><strong>siue</strong></span> 
     </span>
     <span class='ocr_line' id='line_1_9' title="bbox 55 1313 1058 1398; baseline 0.004 -24"><span class='ocrx_word' id='word_1_66' title='bbox 55 1313 142 1394; x_wconf 76' lang='lat' dir='ltr'><strong>passio,</strong></span> <span class='ocrx_word' id='word_1_67' title='bbox 170 1315 217 1374; x_wconf 88' lang='lat' dir='ltr'><strong>rel</strong></span> <span class='ocrx_word' id='word_1_68' title='bbox 236 1327 328 1398; x_wconf 77' lang='lat' dir='ltr'><strong>toga.</strong></span> <span class='ocrx_word' id='word_1_69' title='bbox 362 1327 398 1374; x_wconf 88' lang='lat' dir='ltr'><strong>ut</strong></span> <span class='ocrx_word' id='word_1_70' title='bbox 415 1314 555 1375; x_wconf 81' lang='lat' dir='ltr'><strong>Deridee</strong></span> <span class='ocrx_word' id='word_1_71' title='bbox 573 1313 687 1372; x_wconf 85' lang='lat' dir='ltr'><strong>dicitur</strong></span> <span class='ocrx_word' id='word_1_72' title='bbox 712 1315 833 1375; x_wconf 78' lang='lat' dir='ltr'><strong>osum.</strong></span> <span class='ocrx_word' id='word_1_73' title='bbox 859 1315 892 1382; x_wconf 81' lang='lat'><strong>6.</strong></span> <span class='ocrx_word' id='word_1_74' title='bbox 921 1325 974 1390; x_wconf 74' lang='grc'><strong>14.</strong></span> <span class='ocrx_word' id='word_1_75' title='bbox 1000 1329 1058 1379; x_wconf 81' lang='lat' dir='ltr'><strong>tto.</strong></span> 
     </span>
     <span class='ocr_line' id='line_1_10' title="bbox 56 1413 1059 1501; baseline 0.007 -29"><span class='ocrx_word' id='word_1_76' title='bbox 56 1413 185 1494; x_wconf 78' lang='lat' dir='ltr'><strong>Equidem</strong></span> <span class='ocrx_word' id='word_1_77' title='bbox 205 1433 279 1475; x_wconf 88' lang='lat' dir='ltr'><strong>cum</strong></span> <span class='ocrx_word' id='word_1_78' title='bbox 300 1414 454 1477; x_wconf 81' lang='lat' dir='ltr'><strong>Cluverio</strong></span> <span class='ocrx_word' id='word_1_79' title='bbox 478 1415 604 1496; x_wconf 88' lang='lat' dir='ltr'><strong>proprie</strong></span> <span class='ocrx_word' id='word_1_80' title='bbox 625 1433 739 1478; x_wconf 83' lang='lat' dir='ltr'><strong>vocem</strong></span> <span class='ocrx_word' id='word_1_81' title='bbox 759 1415 922 1501; x_wconf 79' lang='lat' dir='ltr'><strong>intelligo,</strong></span> <span class='ocrx_word' id='word_1_82' title='bbox 949 1436 988 1478; x_wconf 81' lang='lat' dir='ltr'><strong>ex</strong></span> <span class='ocrx_word' id='word_1_83' title='bbox 1006 1416 1059 1479; x_wconf 93' lang='lat' dir='ltr'><strong>ob·</strong></span> 
     </span>
     <span class='ocr_line' id='line_1_11' title="bbox 55 1513 546 1600; baseline 0.006 -24"><span class='ocrx_word' id='word_1_84' title='bbox 55 1515 181 1598; x_wconf 83' lang='lat' dir='ltr'><strong>positione</strong></span> <span class='ocrx_word' id='word_1_85' title='bbox 196 1536 268 1578; x_wconf 88' lang='lat' dir='ltr'><strong>cum</strong></span> <span class='ocrx_word' id='word_1_86' title='bbox 293 1517 436 1580; x_wconf 84' lang='lat' dir='ltr'><strong>virorum</strong></span> <span class='ocrx_word' id='word_1_87' title='bbox 458 1513 546 1600; x_wconf 76' lang='lat' dir='ltr'><strong>sagit.</strong></span> 
     </span>
    </p>
   </div>
   <div class='ocr_carea' id='block_1_5' title="bbox 23 1717 1074 3627">
    <p class='ocr_par' dir='ltr' id='par_1_5' title="bbox 23 1717 1074 3627">
     <span class='ocr_line' id='line_1_12' title="bbox 111 1717 1064 1802; baseline 0.004 -22"><span class='ocrx_word' id='word_1_88' title='bbox 111 1718 313 1802; x_wconf 83' lang='lat' dir='ltr'><strong>pueritia)</strong></span> <span class='ocrx_word' id='word_1_89' title='bbox 362 1717 438 1782; x_wconf 88' lang='lat' dir='ltr'><strong>Non</strong></span> <span class='ocrx_word' id='word_1_90' title='bbox 464 1731 561 1802; x_wconf 86' lang='lat' dir='ltr'><strong>prout</strong></span> <span class='ocrx_word' id='word_1_91' title='bbox 585 1717 725 1782; x_wconf 78' lang='lat' dir='ltr'><strong>Romani</strong></span> <span class='ocrx_word' id='word_1_92' title='bbox 755 1737 825 1780; x_wconf 78' lang='lat' dir='ltr'><strong>eom</strong></span> <span class='ocrx_word' id='word_1_93' title='bbox 850 1719 1006 1782; x_wconf 80' lang='lat' dir='ltr'><strong>vocabant</strong></span> <span class='ocrx_word' id='word_1_94' title='bbox 1030 1734 1064 1784; x_wconf 87' lang='lat' dir='ltr'><strong>et</strong></span> 
     </span>
     <span class='ocr_line' id='line_1_13' title="bbox 58 1817 1064 1906; baseline 0.005 -26"><span class='ocrx_word' id='word_1_95' title='bbox 58 1817 235 1890; x_wconf 78' lang='lat' dir='ltr'><strong>definiebant,</strong></span> <span class='ocrx_word' id='word_1_96' title='bbox 256 1835 301 1882; x_wconf 81' lang='lat' dir='ltr'><strong>ot</strong></span> <span class='ocrx_word' id='word_1_97' title='bbox 316 1821 451 1883; x_wconf 79' lang='lat' dir='ltr'><strong>ostendit</strong></span> <span class='ocrx_word' id='word_1_98' title='bbox 470 1821 638 1904; x_wconf 79' lang='lat' dir='ltr'><strong>adpelletio</strong></span> <span class='ocrx_word' id='word_1_99' title='bbox 659 1824 874 1906; x_wconf 72' lang='lat' dir='ltr'><strong>praetextati,</strong></span> <span class='ocrx_word' id='word_1_100' title='bbox 902 1821 950 1882; x_wconf 86' lang='lat' dir='ltr'><strong>sed</strong></span> <span class='ocrx_word' id='word_1_101' title='bbox 969 1835 1064 1903; x_wconf 84' lang='lat' dir='ltr'><strong>prout</strong></span> 
     </span>
     <span class='ocr_line' id='line_1_14' title="bbox 58 1918 1064 2004; baseline 0.005 -23"><span class='ocrx_word' id='word_1_102' title='bbox 58 1919 180 1983; x_wconf 77' lang='lat' dir='ltr'><strong>Gummi</strong></span> <span class='ocrx_word' id='word_1_103' title='bbox 195 1923 429 1994; x_wconf 76' lang='lat' dir='ltr'><strong>existimabunt,</strong></span> <span class='ocrx_word' id='word_1_104' title='bbox 454 1923 494 1984; x_wconf 87' lang='lat' dir='ltr'><strong>de</strong></span> <span class='ocrx_word' id='word_1_105' title='bbox 509 1923 623 2004; x_wconf 74' lang='lat' dir='ltr'><strong>quibus</strong></span> <span class='ocrx_word' id='word_1_106' title='bbox 639 1918 715 1982; x_wconf 87' lang='lat' dir='ltr'><strong>dicit</strong></span> <span class='ocrx_word' id='word_1_107' title='bbox 733 1922 790 1982; x_wconf 89' lang='lat' dir='ltr'><strong>sus.</strong></span> <span class='ocrx_word' id='word_1_108' title='bbox 809 1921 895 1984; x_wconf 80' lang='lat' dir='ltr'><strong>Caes.</strong></span> <span class='ocrx_word' id='word_1_109' title='bbox 912 1925 951 1984; x_wconf 92' lang='lat' dir='ltr'><strong>de</strong></span> <span class='ocrx_word' id='word_1_110' title='bbox 967 1923 1004 1986; x_wconf 90' lang='lat' dir='ltr'><strong>B.</strong></span> <span class='ocrx_word' id='word_1_111' title='bbox 1023 1924 1064 1986; x_wconf 79' lang='lat' dir='ltr'><strong>G.</strong></span> 
     </span>
     <span class='ocr_line' id='line_1_15' title="bbox 59 2021 1064 2118; baseline 0.001 -34"><span class='ocrx_word' id='word_1_112' title='bbox 59 2021 144 2092; x_wconf 65' lang='lat' dir='ltr'><strong>der.</strong></span> <span class='ocrx_word' id='word_1_113' title='bbox 162 2023 329 2106; x_wconf 76' lang='lat' dir='ltr'>pubescere</span> <span class='ocrx_word' id='word_1_114' title='bbox 349 2025 422 2086; x_wconf 83' lang='lat' dir='ltr'><strong>siloe</strong></span> <span class='ocrx_word' id='word_1_115' title='bbox 444 2025 540 2086; x_wconf 79' lang='lat' dir='ltr'><strong>tarde.</strong></span> <span class='ocrx_word' id='word_1_116' title='bbox 597 2022 678 2118; x_wconf 70' lang='lat' dir='ltr'><strong>Qui,</strong></span> <span class='ocrx_word' id='word_1_117' title='bbox 705 2023 825 2106; x_wconf 84' lang='lat' dir='ltr'><strong>iuquit,</strong></span> <span class='ocrx_word' id='word_1_118' title='bbox 850 2022 976 2104; x_wconf 80' lang='lat' dir='ltr'><em>puberes</em></span> <span class='ocrx_word' id='word_1_119' title='bbox 995 2045 1064 2103; x_wconf 82' lang='lat' dir='ltr'><strong>per·</strong></span> 
     </span>
     <span class='ocr_line' id='line_1_16' title="bbox 59 2115 1066 2216; baseline 0.006 -33"><span class='ocrx_word' id='word_1_120' title='bbox 59 2115 224 2213; x_wconf 74' lang='lat' dir='ltr'><strong>nmsenrut,</strong></span> <span class='ocrx_word' id='word_1_121' title='bbox 251 2127 426 2186; x_wconf 81' lang='lat' dir='ltr'><strong>maximam</strong></span> <span class='ocrx_word' id='word_1_122' title='bbox 443 2127 528 2186; x_wconf 83' lang='lat' dir='ltr'><strong>iuter·</strong></span> <span class='ocrx_word' id='word_1_123' title='bbox 541 2116 622 2216; x_wconf 80' lang='lat' dir='ltr'><strong>suos</strong></span> <span class='ocrx_word' id='word_1_124' title='bbox 635 2115 754 2214; x_wconf 81' lang='lat' dir='ltr'><strong>ferunt</strong></span> <span class='ocrx_word' id='word_1_125' title='bbox 774 2125 919 2198; x_wconf 84' lang='lat' dir='ltr'><strong>Iorrderu,·</strong></span> <span class='ocrx_word' id='word_1_126' title='bbox 945 2129 1005 2188; x_wconf 76' lang='lat' dir='ltr'><strong>hoc</strong></span> <span class='ocrx_word' id='word_1_127' title='bbox 1020 2127 1066 2189; x_wconf 78' lang='lat' dir='ltr'><strong>atr·</strong></span> 
     </span>
     <span class='ocr_line' id='line_1_17' title="bbox 51 2221 1063 2315; baseline 0.008 -31"><span class='ocrx_word' id='word_1_128' title='bbox 51 2221 200 2315; x_wconf 76' lang='lat' dir='ltr'><strong>ficturum,</strong></span> <span class='ocrx_word' id='word_1_129' title='bbox 239 2227 287 2288; x_wconf 78' lang='grc' dir='ltr'><strong>11Ιί</strong></span> <span class='ocrx_word' id='word_1_130' title='bbox 316 2227 376 2288; x_wconf 77' lang='lat' dir='ltr'><strong>doe</strong></span> <span class='ocrx_word' id='word_1_131' title='bbox 407 2230 491 2288; x_wconf 84' lang='lat' dir='ltr'><strong>vires</strong></span> <span class='ocrx_word' id='word_1_132' title='bbox 527 2245 697 2307; x_wconf 80' lang='lat' dir='ltr'><em>nervosque</em></span> <span class='ocrx_word' id='word_1_133' title='bbox 725 2225 908 2311; x_wconf 82' lang='lat' dir='ltr'><strong>confirmari</strong></span> <span class='ocrx_word' id='word_1_134' title='bbox 932 2241 1063 2306; x_wconf 76' lang='lat' dir='ltr'><strong>putant.</strong></span> 
     </span>
     <span class='ocr_line' id='line_1_18' title="bbox 59 2318 1065 2420; baseline 0.008 -37"><span class='ocrx_word' id='word_1_135' title='bbox 59 2325 135 2388; x_wconf 76' lang='lat' dir='ltr'><strong>Tacit.</strong></span> <span class='ocrx_word' id='word_1_136' title='bbox 151 2347 176 2390; x_wconf 89' lang='lat' dir='ltr'><strong>c.</strong></span> <span class='ocrx_word' id='word_1_137' title='bbox 193 2345 251 2392; x_wconf 71' lang='lat' dir='ltr'><strong>no.</strong></span> <span class='ocrx_word' id='word_1_138' title='bbox 268 2349 297 2392; x_wconf 86' lang='lat' dir='ltr'><strong>c.</strong></span> <span class='ocrx_word' id='word_1_139' title='bbox 315 2329 335 2391; x_wconf 90' lang='grc' dir='ltr'><strong>Ι.</strong></span> <span class='ocrx_word' id='word_1_140' title='bbox 349 2318 426 2418; x_wconf 82' lang='lat' dir='ltr'><strong>sera</strong></span> <span class='ocrx_word' id='word_1_141' title='bbox 446 2329 592 2390; x_wconf 78' lang='lat' dir='ltr'><strong>iuvenum</strong></span> <span class='ocrx_word' id='word_1_142' title='bbox 612 2327 647 2390; x_wconf 86' lang='lat' dir='ltr'><em>V</em></span> <span class='ocrx_word' id='word_1_143' title='bbox 646 2347 736 2394; x_wconf 80' lang='lat' dir='ltr'><strong>enus.</strong></span> <span class='ocrx_word' id='word_1_144' title='bbox 762 2349 856 2408; x_wconf 80' lang='lat' dir='ltr'><strong>enque</strong></span> <span class='ocrx_word' id='word_1_145' title='bbox 875 2329 1065 2420; x_wconf 75' lang='lat' dir='ltr'><strong>inexhausta</strong></span> 
     </span>
     <span class='ocr_line' id='line_1_19' title="bbox 23 2423 1067 2514; baseline 0.006 -28"><span class='ocrx_word' id='word_1_146' title='bbox 23 2505 24 2508; x_wconf 7' lang='grc' dir='ltr'><strong>Ἴ</strong></span> <span class='ocrx_word' id='word_1_147' title='bbox 60 2423 192 2503; x_wconf 76' lang='lat' dir='ltr'><em>pubertas.</em></span> <span class='ocrx_word' id='word_1_148' title='bbox 223 2449 247 2492; x_wconf 94' lang='grc'><strong>1.</strong></span> <span class='ocrx_word' id='word_1_149' title='bbox 267 2447 466 2491; x_wconf 83' lang='lat' dir='ltr'><strong>ououovrve</strong></span> <span class='ocrx_word' id='word_1_150' title='bbox 480 2429 555 2492; x_wconf 83' lang='lat' dir='ltr'><strong>MS.</strong></span> <span class='ocrx_word' id='word_1_151' title='bbox 608 2429 794 2512; x_wconf 84' lang='lat' dir='ltr'><strong>intelligunt</strong></span> <span class='ocrx_word' id='word_1_152' title='bbox 809 2431 905 2511; x_wconf 77' lang='lat' dir='ltr'><strong>igitur</strong></span> <span class='ocrx_word' id='word_1_153' title='bbox 921 2425 1067 2514; x_wconf 67' lang='lat' dir='ltr'><strong>iunopo-</strong></span> 
     </span>
     <span class='ocr_line' id='line_1_20' title="bbox 60 2520 1066 2603; baseline 0.007 -19"><span class='ocrx_word' id='word_1_154' title='bbox 60 2520 152 2599; x_wconf 79' lang='lat' dir='ltr'><strong>dru&#39;no,</strong></span> <span class='ocrx_word' id='word_1_155' title='bbox 176 2545 207 2592; x_wconf 90' lang='lat' dir='ltr'><strong>et</strong></span> <span class='ocrx_word' id='word_1_156' title='bbox 227 2532 290 2596; x_wconf 87' lang='lat' dir='ltr'><strong>lui.</strong></span> <span class='ocrx_word' id='word_1_157' title='bbox 307 2528 417 2593; x_wconf 78' lang='lat' dir='ltr'><strong>Caesar</strong></span> <span class='ocrx_word' id='word_1_158' title='bbox 434 2531 469 2603; x_wconf 83' lang='lat'><strong>6,</strong></span> <span class='ocrx_word' id='word_1_159' title='bbox 488 2545 548 2595; x_wconf 71' lang='lat'><strong>21.</strong></span> <span class='ocrx_word' id='word_1_160' title='bbox 565 2527 678 2590; x_wconf 80' lang='lat' dir='ltr'><strong>diserte</strong></span> <span class='ocrx_word' id='word_1_161' title='bbox 701 2529 805 2588; x_wconf 81' lang='lat' dir='ltr'><strong>addit:</strong></span> <span class='ocrx_word' id='word_1_162' title='bbox 840 2533 927 2589; x_wconf 84' lang='lat' dir='ltr'><strong>r&#39;rttru</strong></span> <span class='ocrx_word' id='word_1_163' title='bbox 947 2552 1066 2592; x_wconf 87' lang='lat' dir='ltr'><strong>anuum</strong></span> 
     </span>
     <span class='ocr_line' id='line_1_21' title="bbox 59 2621 1068 2722; baseline 0.007 -34"><span class='ocrx_word' id='word_1_164' title='bbox 59 2649 115 2688; x_wconf 84' lang='lat' dir='ltr'><strong>nero</strong></span> <span class='ocrx_word' id='word_1_165' title='bbox 134 2647 175 2694; x_wconf 78' lang='lat'><strong>20</strong></span> <span class='ocrx_word' id='word_1_166' title='bbox 183 2625 331 2722; x_wconf 80' lang='lat' dir='ltr'><strong>feminae</strong></span> <span class='ocrx_word' id='word_1_167' title='bbox 349 2633 499 2694; x_wconf 77' lang='lat' dir='ltr'><strong>notitiem</strong></span> <span class='ocrx_word' id='word_1_168' title='bbox 516 2621 672 2718; x_wconf 78' lang='lat' dir='ltr'><strong>bobur‘ffi,</strong></span> <span class='ocrx_word' id='word_1_169' title='bbox 700 2631 731 2690; x_wconf 83' lang='lat' dir='ltr'><strong>t&#39;u</strong></span> <span class='ocrx_word' id='word_1_170' title='bbox 748 2624 927 2720; x_wconf 81' lang='lat' dir='ltr'><strong>turpiffirut&#39;s</strong></span> <span class='ocrx_word' id='word_1_171' title='bbox 949 2631 1068 2695; x_wconf 76' lang='lat' dir='ltr'><strong>hubent</strong></span> 
     </span>
     <span class='ocr_line' id='line_1_22' title="bbox 61 2721 1068 2818; baseline 0.011 -33"><span class='ocrx_word' id='word_1_172' title='bbox 61 2726 137 2794; x_wconf 78' lang='lat' dir='ltr'><strong>udus.</strong></span> <span class='ocrx_word' id='word_1_173' title='bbox 183 2734 341 2816; x_wconf 81' lang='lat' dir='ltr'><strong>interpret</strong></span> <span class='ocrx_word' id='word_1_174' title='bbox 367 2732 422 2796; x_wconf 89' lang='lat' dir='ltr'><strong>Gr.</strong></span> <span class='ocrx_word' id='word_1_175' title='bbox 445 2733 550 2795; x_wconf 87' lang='lat' dir='ltr'><strong>reddit</strong></span> <span class='ocrx_word' id='word_1_176' title='bbox 575 2751 653 2794; x_wconf 84' lang='lat' dir='ltr'><strong>voce</strong></span> <span class='ocrx_word' id='word_1_177' title='bbox 680 2721 817 2818; x_wconf 72' lang='grc' dir='ltr'><strong>ἄγαμος.</strong></span> <span class='ocrx_word' id='word_1_178' title='bbox 874 2733 956 2793; x_wconf 86' lang='lat' dir='ltr'><strong>Hinc</strong></span> <span class='ocrx_word' id='word_1_179' title='bbox 983 2746 1068 2797; x_wconf 87' lang='lat' dir='ltr'><strong>recte</strong></span> 
     </span>
     <span class='ocr_line' id='line_1_23' title="bbox 62 2829 1072 2915; baseline 0.004 -23"><span class='ocrx_word' id='word_1_180' title='bbox 62 2829 153 2912; x_wconf 80' lang='lat' dir='ltr'><strong>cuper.</strong></span> <span class='ocrx_word' id='word_1_181' title='bbox 175 2836 207 2894; x_wconf 90' lang='lat' dir='ltr'><strong>in</strong></span> <span class='ocrx_word' id='word_1_182' title='bbox 227 2833 352 2898; x_wconf 82' lang='lat' dir='ltr'><strong>observ.</strong></span> <span class='ocrx_word' id='word_1_183' title='bbox 368 2845 403 2913; x_wconf 74' lang='grc'><strong>4.</strong></span> <span class='ocrx_word' id='word_1_184' title='bbox 424 2849 478 2898; x_wconf 82' lang='lat'><strong>12.</strong></span> <span class='ocrx_word' id='word_1_185' title='bbox 500 2855 531 2915; x_wconf 90' lang='lat' dir='ltr'><strong>p.</strong></span> <span class='ocrx_word' id='word_1_186' title='bbox 546 2844 631 2914; x_wconf 80' lang='lat'><strong>453.</strong></span> <span class='ocrx_word' id='word_1_187' title='bbox 654 2831 736 2914; x_wconf 83' lang='lat' dir='ltr'><strong>Lips.</strong></span> <span class='ocrx_word' id='word_1_188' title='bbox 761 2833 801 2893; x_wconf 90' lang='lat' dir='ltr'><strong>de</strong></span> <span class='ocrx_word' id='word_1_189' title='bbox 823 2853 907 2895; x_wconf 84' lang='lat' dir='ltr'><strong>enno</strong></span> <span class='ocrx_word' id='word_1_190' title='bbox 927 2849 984 2897; x_wconf 71' lang='lat' dir='ltr'><strong>no.</strong></span> <span class='ocrx_word' id='word_1_191' title='bbox 1005 2835 1072 2896; x_wconf 84' lang='lat' dir='ltr'><strong>sou·</strong></span> 
     </span>
     <span class='ocr_line' id='line_1_24' title="bbox 60 2927 1069 3022; baseline 0.006 -30"><span class='ocrx_word' id='word_1_192' title='bbox 60 2927 157 3022; x_wconf 75' lang='lat' dir='ltr'><strong>giffiun</strong></span> <span class='ocrx_word' id='word_1_193' title='bbox 181 2937 322 3012; x_wconf 79' lang='lat' dir='ltr'><strong>pueritia</strong></span> <span class='ocrx_word' id='word_1_194' title='bbox 348 2937 382 2996; x_wconf 90' lang='lat' dir='ltr'><strong>iu</strong></span> <span class='ocrx_word' id='word_1_195' title='bbox 405 2935 518 2998; x_wconf 81' lang='lat' dir='ltr'><strong>Nostro</strong></span> <span class='ocrx_word' id='word_1_196' title='bbox 548 2935 692 3016; x_wconf 75' lang='lat' dir='ltr'><strong>etqtlicat.</strong></span> <span class='ocrx_word' id='word_1_197' title='bbox 757 2934 846 2994; x_wconf 87' lang='lat' dir='ltr'><strong>idern</strong></span> <span class='ocrx_word' id='word_1_198' title='bbox 873 2935 952 2995; x_wconf 88' lang='lat' dir='ltr'><strong>olint</strong></span> <span class='ocrx_word' id='word_1_199' title='bbox 979 2951 1069 2998; x_wconf 80' lang='lat' dir='ltr'><strong>antea</strong></span> 
     </span>
     <span class='ocr_line' id='line_1_25' title="bbox 60 3033 1071 3121; baseline 0.009 -29"><span class='ocrx_word' id='word_1_200' title='bbox 60 3037 268 3116; x_wconf 80' lang='lat' dir='ltr'><strong>praecipiebant</strong></span> <span class='ocrx_word' id='word_1_201' title='bbox 286 3036 495 3121; x_wconf 79' lang='lat' dir='ltr'><strong>Pythagorei,</strong></span> <span class='ocrx_word' id='word_1_202' title='bbox 517 3035 590 3098; x_wconf 84' lang='lat' dir='ltr'><strong>teste</strong></span> <span class='ocrx_word' id='word_1_203' title='bbox 607 3033 780 3096; x_wconf 87' lang='lat' dir='ltr'><strong>sotublicbo</strong></span> <span class='ocrx_word' id='word_1_204' title='bbox 805 3037 838 3094; x_wconf 89' lang='lat' dir='ltr'><strong>in</strong></span> <span class='ocrx_word' id='word_1_205' title='bbox 856 3038 917 3096; x_wconf 81' lang='lat' dir='ltr'><strong>vita</strong></span> <span class='ocrx_word' id='word_1_206' title='bbox 937 3039 1071 3121; x_wconf 75' lang='lat' dir='ltr'><strong>Pytbeg.</strong></span> 
     </span>
     <span class='ocr_line' id='line_1_26' title="bbox 61 3136 1073 3220; baseline -0.003 -19"><span class='ocrx_word' id='word_1_207' title='bbox 61 3152 111 3216; x_wconf 66' lang='lat' dir='ltr'><strong>“P-</strong></span> <span class='ocrx_word' id='word_1_208' title='bbox 134 3152 187 3216; x_wconf 79' lang='grc'><strong>31.</strong></span> <span class='ocrx_word' id='word_1_209' title='bbox 216 3159 250 3220; x_wconf 89' lang='lat' dir='ltr'><strong>p.</strong></span> <span class='ocrx_word' id='word_1_210' title='bbox 273 3153 353 3212; x_wconf 77' lang='lat'><strong>172.</strong></span> <span class='ocrx_word' id='word_1_211' title='bbox 371 3138 421 3200; x_wconf 88' lang='lat' dir='ltr'><strong>ed.</strong></span> <span class='ocrx_word' id='word_1_212' title='bbox 443 3136 532 3200; x_wconf 72' lang='lat' dir='ltr'><strong>linit.</strong></span> <span class='ocrx_word' id='word_1_213' title='bbox 556 3139 598 3196; x_wconf 85' lang='lat' dir='ltr'><strong>ita</strong></span> <span class='ocrx_word' id='word_1_214' title='bbox 621 3157 756 3218; x_wconf 87' lang='lat' dir='ltr'><strong>puerum</strong></span> <span class='ocrx_word' id='word_1_215' title='bbox 783 3138 1001 3208; x_wconf 83' lang='lat' dir='ltr'><strong>educandum,</strong></span> <span class='ocrx_word' id='word_1_216' title='bbox 1035 3151 1073 3198; x_wconf 87' lang='grc'><strong>111</strong></span> 
     </span>
     <span class='ocr_line' id='line_1_27' title="bbox 60 3235 1072 3322; baseline 0.007 -29"><span class='ocrx_word' id='word_1_217' title='bbox 60 3235 124 3301; x_wconf 78' lang='lat' dir='ltr'><strong>intre</strong></span> <span class='ocrx_word' id='word_1_218' title='bbox 145 3259 264 3300; x_wconf 82' lang='lat' dir='ltr'><strong>anuum</strong></span> <span class='ocrx_word' id='word_1_219' title='bbox 290 3255 336 3302; x_wconf 75' lang='lat' dir='ltr'><strong>no</strong></span> <span class='ocrx_word' id='word_1_220' title='bbox 360 3239 400 3300; x_wconf 88' lang='lat' dir='ltr'><strong>de</strong></span> <span class='ocrx_word' id='word_1_221' title='bbox 429 3241 623 3300; x_wconf 86' lang='lat' dir='ltr'><strong>commercio</strong></span> <span class='ocrx_word' id='word_1_222' title='bbox 647 3239 789 3298; x_wconf 85' lang='lat' dir='ltr'><strong>Venereo</strong></span> <span class='ocrx_word' id='word_1_223' title='bbox 815 3258 880 3298; x_wconf 90' lang='lat' dir='ltr'><strong>non</strong></span> <span class='ocrx_word' id='word_1_224' title='bbox 909 3240 1072 3322; x_wconf 77' lang='lat' dir='ltr'><strong>cogitaret.</strong></span> 
     </span>
     <span class='ocr_line' id='line_1_28' title="bbox 61 3333 1073 3421; baseline 0.004 -25"><span class='ocrx_word' id='word_1_225' title='bbox 61 3333 184 3403; x_wconf 85' lang='lat' dir='ltr'><strong>Omnino</strong></span> <span class='ocrx_word' id='word_1_226' title='bbox 200 3351 307 3402; x_wconf 81' lang='lat' dir='ltr'><strong>eutem</strong></span> <span class='ocrx_word' id='word_1_227' title='bbox 322 3339 384 3401; x_wconf 89' lang='lat' dir='ltr'><strong>boc</strong></span> <span class='ocrx_word' id='word_1_228' title='bbox 404 3341 444 3400; x_wconf 89' lang='lat' dir='ltr'><strong>de</strong></span> <span class='ocrx_word' id='word_1_229' title='bbox 466 3339 642 3401; x_wconf 73' lang='lat' dir='ltr'><strong>borealibus</strong></span> <span class='ocrx_word' id='word_1_230' title='bbox 658 3339 801 3418; x_wconf 76' lang='lat' dir='ltr'><strong>populis,</strong></span> <span class='ocrx_word' id='word_1_231' title='bbox 829 3337 914 3399; x_wconf 87' lang='lat' dir='ltr'><strong>secue</strong></span> <span class='ocrx_word' id='word_1_232' title='bbox 929 3353 1022 3421; x_wconf 82' lang='lat' dir='ltr'><strong>etque</strong></span> <span class='ocrx_word' id='word_1_233' title='bbox 1039 3343 1073 3400; x_wconf 88' lang='lat' dir='ltr'><strong>in</strong></span> 
     </span>
     <span class='ocr_line' id='line_1_29' title="bbox 62 3437 1074 3518; baseline 0.006 -22"><span class='ocrx_word' id='word_1_234' title='bbox 62 3439 218 3504; x_wconf 80' lang='lat' dir='ltr'><strong>rostralibue</strong></span> <span class='ocrx_word' id='word_1_235' title='bbox 234 3441 392 3504; x_wconf 80' lang='lat' dir='ltr'><strong>observari</strong></span> <span class='ocrx_word' id='word_1_236' title='bbox 413 3440 547 3508; x_wconf 82' lang='lat' dir='ltr'><strong>constet.</strong></span> <span class='ocrx_word' id='word_1_237' title='bbox 575 3441 615 3500; x_wconf 89' lang='lat' dir='ltr'><strong>de</strong></span> <span class='ocrx_word' id='word_1_238' title='bbox 634 3459 699 3518; x_wconf 85' lang='lat' dir='ltr'><strong>quo</strong></span> <span class='ocrx_word' id='word_1_239' title='bbox 717 3437 756 3500; x_wconf 88' lang='lat' dir='ltr'><strong>cs.</strong></span> <span class='ocrx_word' id='word_1_240' title='bbox 774 3440 918 3500; x_wconf 82' lang='lat' dir='ltr'><strong>conlecta</strong></span> <span class='ocrx_word' id='word_1_241' title='bbox 939 3443 973 3501; x_wconf 90' lang='lat' dir='ltr'><strong>in</strong></span> <span class='ocrx_word' id='word_1_242' title='bbox 993 3441 1074 3502; x_wconf 80' lang='lat' dir='ltr'><strong>Kris-</strong></span> 
     </span>
     <span class='ocr_line' id='line_1_30' title="bbox 61 3537 911 3627; baseline 0.005 -29"><span class='ocrx_word' id='word_1_243' title='bbox 61 3539 115 3600; x_wconf 83' lang='lat' dir='ltr'><strong>nite</strong></span> <span class='ocrx_word' id='word_1_244' title='bbox 128 3541 367 3627; x_wconf 69' lang='lat' dir='ltr'><strong>Encykiopidie</strong></span> <span class='ocrx_word' id='word_1_245' title='bbox 385 3540 404 3606; x_wconf 88' lang='lat' dir='ltr'><strong>s.</strong></span> <span class='ocrx_word' id='word_1_246' title='bbox 423 3562 457 3606; x_wconf 83' lang='lat' dir='ltr'><strong>r.</strong></span> <span class='ocrx_word' id='word_1_247' title='bbox 474 3543 580 3603; x_wconf 78' lang='lat' dir='ltr'><strong>Klima</strong></span> <span class='ocrx_word' id='word_1_248' title='bbox 599 3542 640 3604; x_wconf 90' lang='lat' dir='ltr'><strong>T.</strong></span> <span class='ocrx_word' id='word_1_249' title='bbox 654 3549 713 3618; x_wconf 84' lang='grc' dir='ltr'><strong>4ο.</strong></span> <span class='ocrx_word' id='word_1_250' title='bbox 732 3561 762 3623; x_wconf 89' lang='lat' dir='ltr'><strong>p.</strong></span> <span class='ocrx_word' id='word_1_251' title='bbox 780 3549 853 3618; x_wconf 81' lang='grc'><strong>485</strong></span> <span class='ocrx_word' id='word_1_252' title='bbox 869 3537 911 3622; x_wconf 87' lang='lat' dir='ltr'><strong>sq.</strong></span> 
     </span>
    </p>
   </div>
   <div class='ocr_carea' id='block_1_6' title="bbox 23 3735 1080 4130">
    <p class='ocr_par' dir='ltr' id='par_1_6' title="bbox 23 3735 1080 4130">
     <span class='ocr_line' id='line_1_31' title="bbox 118 3735 1077 3836; baseline 0 -30"><span class='ocrx_word' id='word_1_253' title='bbox 118 3735 260 3836; x_wconf 72' lang='lat' dir='ltr'><strong>sagis)</strong></span> <span class='ocrx_word' id='word_1_254' title='bbox 301 3747 354 3810; x_wconf 85' lang='lat' dir='ltr'><strong>Sic</strong></span> <span class='ocrx_word' id='word_1_255' title='bbox 366 3745 467 3808; x_wconf 79' lang='lat' dir='ltr'><strong>Tacit.</strong></span> <span class='ocrx_word' id='word_1_256' title='bbox 485 3745 516 3806; x_wconf 91' lang='lat' dir='ltr'><strong>in</strong></span> <span class='ocrx_word' id='word_1_257' title='bbox 534 3745 643 3808; x_wconf 87' lang='lat' dir='ltr'><strong>Germ.</strong></span> <span class='ocrx_word' id='word_1_258' title='bbox 659 3762 726 3826; x_wconf 78' lang='lat' dir='ltr'><strong>cap.</strong></span> <span class='ocrx_word' id='word_1_259' title='bbox 747 3758 800 3816; x_wconf 86' lang='grc'><strong>17.</strong></span> <span class='ocrx_word' id='word_1_260' title='bbox 822 3756 963 3823; x_wconf 81' lang='lat' dir='ltr'><strong>tegumen</strong></span> <span class='ocrx_word' id='word_1_261' title='bbox 981 3745 1077 3806; x_wconf 79' lang='lat' dir='ltr'><strong>omni-</strong></span> 
     </span>
     <span class='ocr_line' id='line_1_32' title="bbox 65 3835 1078 3940; baseline 0.001 -34"><span class='ocrx_word' id='word_1_262' title='bbox 65 3839 108 3906; x_wconf 81' lang='lat' dir='ltr'><strong>bu</strong></span> <span class='ocrx_word' id='word_1_263' title='bbox 120 3839 243 3937; x_wconf 78' lang='lat' dir='ltr'><strong>sagum,</strong></span> <span class='ocrx_word' id='word_1_264' title='bbox 258 3845 374 3940; x_wconf 77' lang='lat' dir='ltr'><strong>fibula.</strong></span> <span class='ocrx_word' id='word_1_265' title='bbox 398 3859 467 3916; x_wconf 82' lang='lat' dir='ltr'><strong>out.</strong></span> <span class='ocrx_word' id='word_1_266' title='bbox 481 3843 516 3934; x_wconf 85' lang='lat' dir='ltr'><strong>sr</strong></span> <span class='ocrx_word' id='word_1_267' title='bbox 530 3843 621 3936; x_wconf 79' lang='lat' dir='ltr'><strong>defit,</strong></span> <span class='ocrx_word' id='word_1_268' title='bbox 640 3835 740 3936; x_wconf 75' lang='lat' dir='ltr'><strong>spina</strong></span> <span class='ocrx_word' id='word_1_269' title='bbox 755 3837 950 3934; x_wconf 63' lang='lat' dir='ltr'><strong>consertum</strong></span> <span class='ocrx_word' id='word_1_270' title='bbox 977 3863 1078 3908; x_wconf 83' lang='lat' dir='ltr'><strong>cetera</strong></span> 
     </span>
     <span class='ocr_line' id='line_1_33' title="bbox 23 3943 1077 4039; baseline 0.004 -35"><span class='ocrx_word' id='word_1_271' title='bbox 23 3961 24 3970; x_wconf 53' lang='lat'><strong>³</strong></span> <span class='ocrx_word' id='word_1_272' title='bbox 65 3943 229 4010; x_wconf 71' lang='grc' dir='ltr'><strong>111111ιί-</strong></span> <span class='ocrx_word' id='word_1_273' title='bbox 262 3943 511 4038; x_wconf 78' lang='lat' dir='ltr'><strong>Locupseet‘ffimt&#39;</strong></span> <span class='ocrx_word' id='word_1_274' title='bbox 541 3945 623 4039; x_wconf 78' lang='lat' dir='ltr'><strong>veste</strong></span> <span class='ocrx_word' id='word_1_275' title='bbox 659 3943 905 4037; x_wconf 70' lang='lat' dir='ltr'><strong>dist&#39;urgumuur.</strong></span> <span class='ocrx_word' id='word_1_276' title='bbox 932 3975 978 3990; x_wconf 87' lang='lat'><strong>·-·</strong></span> <span class='ocrx_word' id='word_1_277' title='bbox 1018 3949 1077 4009; x_wconf 88' lang='lat' dir='ltr'><strong>sul.</strong></span> 
     </span>
     <span class='ocr_line' id='line_1_34' title="bbox 65 4045 1080 4130; baseline 0.001 -22"><span class='ocrx_word' id='word_1_278' title='bbox 65 4045 136 4110; x_wconf 76' lang='lat' dir='ltr'><strong>Cres·</strong></span> <span class='ocrx_word' id='word_1_279' title='bbox 149 4069 173 4112; x_wconf 92' lang='lat' dir='ltr'><strong>c.</strong></span> <span class='ocrx_word' id='word_1_280' title='bbox 187 4050 209 4112; x_wconf 91' lang='lat' dir='ltr'><strong>l.</strong></span> <span class='ocrx_word' id='word_1_281' title='bbox 229 4049 323 4112; x_wconf 84' lang='lat' dir='ltr'><strong>hebet</strong></span> <span class='ocrx_word' id='word_1_282' title='bbox 341 4049 434 4130; x_wconf 82' lang='lat' dir='ltr'><strong>pelles</strong></span> <span class='ocrx_word' id='word_1_283' title='bbox 453 4061 486 4111; x_wconf 91' lang='lat' dir='ltr'><strong>et</strong></span> <span class='ocrx_word' id='word_1_284' title='bbox 502 4069 639 4110; x_wconf 85' lang='lat' dir='ltr'><strong>renones.</strong></span> <span class='ocrx_word' id='word_1_285' title='bbox 668 4049 787 4126; x_wconf 81' lang='lat' dir='ltr'><strong>Sngum</strong></span> <span class='ocrx_word' id='word_1_286' title='bbox 804 4062 921 4116; x_wconf 81' lang='lat' dir='ltr'><strong>eutem.</strong></span> <span class='ocrx_word' id='word_1_287' title='bbox 942 4062 979 4107; x_wconf 89' lang='grc'><strong>111</strong></span> <span class='ocrx_word' id='word_1_288' title='bbox 998 4069 1080 4110; x_wconf 85' lang='lat' dir='ltr'><strong>reno·</strong></span> 
     </span>
    </p>
   </div>
   <div class='ocr_carea' id='block_1_7' title="bbox 64 4149 1080 4312">
    <p class='ocr_par' dir='ltr' id='par_1_7' title="bbox 64 4149 1080 4312">
     <span class='ocr_line' id='line_1_35' title="bbox 64 4149 1080 4237; baseline 0.003 -29"><span class='ocrx_word' id='word_1_289' title='bbox 64 4167 135 4224; x_wconf 82' lang='lat' dir='ltr'><strong>nent,</strong></span> <span class='ocrx_word' id='word_1_290' title='bbox 169 4152 341 4237; x_wconf 75' lang='lat' dir='ltr'><strong>peregrinio</strong></span> <span class='ocrx_word' id='word_1_291' title='bbox 368 4149 532 4216; x_wconf 77' lang='lat' dir='ltr'><strong>vocabulis</strong></span> <span class='ocrx_word' id='word_1_292' title='bbox 559 4149 769 4212; x_wconf 79' lang='lat' dir='ltr'><strong>adnumerant</strong></span> <span class='ocrx_word' id='word_1_293' title='bbox 796 4150 889 4212; x_wconf 85' lang='lat' dir='ltr'><strong>Varro</strong></span> <span class='ocrx_word' id='word_1_294' title='bbox 914 4151 954 4213; x_wconf 86' lang='lat' dir='ltr'><strong>de</strong></span> <span class='ocrx_word' id='word_1_295' title='bbox 980 4150 1080 4214; x_wconf 86' lang='grc'><strong>1..1..</strong></span> 
     </span>
     <span class='ocr_line' id='line_1_36' title="bbox 677 4247 750 4312; baseline 0.027 -2"><span class='ocrx_word' id='word_1_296' title='bbox 677 4247 701 4310; x_wconf 82' lang='lat' dir='ltr'>F</span> <span class='ocrx_word' id='word_1_297' title='bbox 729 4263 750 4312; x_wconf 82' lang='lat' dir='ltr'><strong>n</strong></span> 
     </span>
    </p>
   </div>
   <div class='ocr_carea' id='block_1_8' title="bbox 0 0 1384 4888">
    <p class='ocr_par' dir='ltr' id='par_1_8' title="bbox 0 0 1384 4888">
     <span class='ocr_line' id='line_1_37' title="bbox 0 0 1384 4888; baseline 0 0"><span class='ocrx_word' id='word_1_298' title='bbox 0 0 1384 4888; x_wconf 95' lang='lat' dir='ltr'><strong> </strong></span> 
     </span>
    </p>
   </div>
  </div>
 </body>
</html>
