2650 4896
296 399 359 464 25⁰
566 383 728 443 stom
767 385 1068 444 uxuouutctn

293 562 447 646 liquidem
468 559 545 622 lraec
566 557 611 622 esi
632 552 727 644 ἐσθὴς
750 555 872 648 φλοΐνη
895 561 1079 631 Herodoto,
1112 560 1152 622 de
1169 575 1232 644 qno
1246 561 1306 626 cudi

294 665 514 748 disputantem
538 659 664 723 Salmas.
687 661 725 722 ed
745 661 844 723 Sosin.
864 683 895 744 p.
912 683 956 726 m.
977 653 1061 738 762.
1114 661 1181 745 lpse
1198 665 1305 728 Solinut

294 785 362 850 cup.
375 775 435 842 55.
459 761 552 839 [52.
574 777 694 834 namet,
718 761 875 846 plurimoe
897 761 1091 829 flexibilibus
1112 779 1145 826 et
1164 763 1243 828 ubete
1260 767 1304 827 cir·

292 865 457 932 cumdctoe
476 861 578 926 fuisse.

366 1015 554 1098 proceri)
604 1015 792 1079 Adluditad
809 1016 967 1080 historiam
987 1019 1082 1090 Pori,
1112 1018 1211 1102 reguli
1225 1017 1303 1078 Indo·

290 1139 373 1190 rum,
388 1137 488 1200 quem
502 1118 541 1180 eb
551 1117 727 1182 Alexandro
738 1119 902 1182 deuictum
916 1118 1056 1182 scribunt
1070 1117 1160 1182 fuisse
1173 1131 1194 1196 5
1208 1119 1302 1182 cubitit

290 1223 458 1284 maiorem.
494 1238 560 1281 rnc.
577 1239 774 1283 cnouovrro
790 1221 866 1282 MS.
918 1222 966 1282 lta
985 1223 1121 1302 quidem
1144 1221 1256 1282 Arrian.
1270 1221 1302 1281 de

291 1321 405 1404 exped.
423 1321 511 1386 Alex.
523 1335 557 1398 5,
577 1339 632 1400 19.
661 1321 712 1384 sed
732 1321 920 1384 Plutarchue
944 1325 978 1384 in
998 1324 1091 1386 Alex.
1112 1322 1160 1384 Μ.
1179 1341 1240 1404 cap·
1253 1322 1301 1384 60.

289 1425 457 1507 plerosque
483 1421 646 1504 scriptores
677 1421 854 1486 consentire
880 1425 975 1495 dicit,
1014 1422 1190 1505 4cubitoe
1212 1423 1300 1504 pulmo

288 1538 416 1586 tantum
439 1519 603 1588 excessisse.
649 1525 722 1586 vict.
744 1525 943 1588 Freinshem.
966 1525 1005 1587 ad
1024 1525 1118 1588 Curt.
1136 1536 1169 1602 8.
1188 1533 1238 1602 14,
1256 1535 1298 1601 18.

288 1625 375 1711 apud
408 1646 523 1708 quem:
562 1626 718 1688 sturnunue
748 1625 976 1706 magnitudinis
1009 1624 1232 1706 propemodum
1260 1643 1300 1683 ex·

287 1719 418 1816 ceffemr
429 1718 587 1814 fornrom.
622 1725 762 1788 Euslatb.
777 1727 815 1788 ed
832 1726 965 1807 Dionys.
980 1749 1013 1790 v.
1030 1743 1138 1803 rro7.
1156 1716 1229 1812 ὑπὲρ
1244 1743 1299 1788 ret·

286 1825 444 1914 τάπηχυν
465 1830 552 1900 dicit,
579 1848 653 1889 cum
668 1828 762 1888 multi
778 1829 823 1888 ibi
836 1825 955 1890 suerint
969 1819 1159 1916 εὐμεγέθεις
1174 1821 1225 1890 ml
1244 1845 1299 1890 ret·

286 1925 466 2016 φαπὴχεις,
490 1923 511 2018 's
533 1926 645 2012 ὀλίγον
660 1925 867 2004 ἀποδέοντες,
892 1931 978 2011 quod
994 1933 1130 2012 propius
1145 1928 1183 1990 ed
1198 1927 1299 1988 Melum

285 2031 377 2102 sarit,
402 2033 458 2113 qui
475 2033 515 2092 de
527 2031 671 2114 pluribus
686 2030 834 2112 loquitur.
861 2051 920 2092 nec
934 2051 1036 2093 unum
1052 2030 1204 2114 respicere
1216 2025 1299 2110 potell

285 2133 420 2196 Porum.
469 2133 512 2193 Et
535 2132 573 2193 fic
596 2133 744 2194 Arrianus
765 2133 903 2194 iudicor.
927 2153 994 2217 cap.
1015 2147 1073 2210 17.
1089 2134 1136 2196 in.
1158 2123 1244 2193 ’nid
1262 2122 1299 2190 rc*

286 2227 426 2323 σώματα
445 2231 554 2320 ἰσχνοί
577 2231 651 2296 εἰσιν
673 2224 728 2298 καὶ
750 2222 913 2322 εὐμήκεες.
1016 2290 1019 2300 ,

355 2399 394 2448 et
418 2381 478 2446 ibi
503 2385 717 2466 maximis)
767 2385 815 2447 Ad
838 2383 1069 2468 obpositionem
1091 2383 1296 2450 Africanarum·

282 2507 359 2570 quae
373 2506 440 2550 non
456 2489 499 2548 ita
513 2505 642 2570 magnae
654 2483 744 2548 fuisse
760 2487 886 2548 testatur
897 2481 1048 2574 [diserte]
1065 2489 1139 2552 Liv.
1151 2501 1206 2566 57.
1218 2499 1269 2562 89.
1278 2477 1295 2544 s.

223 2653 225 2661 ,
283 2607 308 2651 1.
328 2607 524 2650 onouuvrvr
540 2588 615 2650 MS.
652 2585 702 2650 cf.
720 2587 832 2668 Polyb.
852 2600 885 2665 5,
903 2599 961 2668 84.
990 2589 1103 2652 Strabo
1119 2600 1171 2666 ¹5·
1187 2607 1216 2668 p.
1225 2593 1295 2664 485.

283 2687 306 2750 s.
323 2700 407 2766 7⁰5·
434 2688 562 2766 Psimss,
585 2707 639 2752 11.
667 2689 803 2765 011118.
819 2707 852 2769 9,
871 2705 926 2761 17.
941 2689 997 2750 ubi
1011 2692 1089 2753 alioe
1103 2691 1208 2751 laudet
1225 2701 1295 2767 prae·

281 2803 367 2852 terea
384 2789 538 2854 Raderue.
588 2793 638 2851 De
658 2791 695 2852 iie
714 2791 814 2850 multa
836 2792 1000 2863 Arrianur.
1026 2792 1160 2862 Strabo,
1187 2786 1294 2850 Plinitu

280 2905 314 2954 et
333 2892 395 2956 alii.
448 2892 593 2960 Omnino
611 2907 717 2954 eutem
740 2892 779 2952 de
795 2892 913 2955 Indicit
928 2895 1024 2954 etiarn
1040 2891 1246 2955 consulendus
1259 2883 1294 2944 cll

212 2976 217 2986 ’
279 2993 399 3056 Buffou
420 2992 735 3056 Netur-Geschichte
759 2993 815 3053 der
836 2989 1043 3077 vierfiissigeu
1065 2996 1184 3055 Thiere
1206 2983 1292 3051 durch

281 3093 373 3166 Otto,
395 3095 515 3166 Berlin,
534 3095 572 3158 B.
590 3104 622 3170 8.
638 3115 707 3178 pag.
729 3104 797 3176 ¹¹4
814 3093 875 3174 sqq.
929 3096 968 3154 ln
982 3097 1108 3176 Europe
1121 3106 1225 3158 eutem
1240 3087 1293 3171 pri·

279 3215 371 3258 mum
392 3199 603 3258 innotuerunt
623 3215 662 3258 ex
685 3196 851 3256 Alexandri
869 3193 915 3258 M.
935 3195 1028 3258 rebus
1049 3199 1083 3256 in
1104 3196 1193 3258 India
1216 3187 1292 3274 gellis

280 3297 470 3378 devictoque
490 3299 589 3367 Poro,
616 3297 702 3377 quod
717 3311 750 3357 et
765 3298 889 3358 notavit
903 3295 1066 3360 Pausanias
1086 3317 1114 3368 1,
1136 3312 1188 3365 12.
1211 3303 1291 3372 quate

280 3398 363 3479 apud
387 3400 566 3460 Homerum
589 3398 735 3458 nondum
757 3398 965 3479 reperiuntur.
1027 3399 1123 3481 Quod
1145 3399 1179 3458 in
1198 3389 1290 3454 nollro

279 3497 427 3580 sequitur,
451 3499 489 3560 fic
505 3496 650 3579 expressit
663 3497 840 3562 Priscianus
860 3500 894 3558 in
910 3499 1059 3582 periegeli
1076 3501 1145 3562 Lat.
1162 3487 1290 3570 Dionysi

278 3616 439 3676 v.1127.
461 3598 529 3662 Hie
551 3599 609 3660 olii
624 3591 781 3690 superant
799 3619 926 3679 procero
944 3619 1070 3680 corpore
1086 3613 1218 3666 tautum.
1242 3591 1287 3650 ln-

269 3697 389 3792 filiano
408 3701 546 3784 equitum
558 3691 682 3790 faciles
706 3714 743 3762 ut
769 3720 852 3762 mure
878 3700 1069 3782 elephantos.
1120 3701 1216 3764 Solio.
1232 3713 1255 3753 c·
1268 3688 1285 3752 l·

278 3800 358 3863 adeo
373 3802 495 3886 proceri
510 3801 650 3885 quidam,
671 3814 708 3864 ut
723 3801 904 3884 elephantos
923 3801 1018 3868 velut.
1031 3821 1125 3886 equos
1143 3792 1286 3888 facillimo

277 3895 484 3994 insultatione
497 3900 692 3994 trunstliont.
718 3904 825 3983 Atque
841 3903 917 3964 inde
928 3902 1046 3964 Melam
1061 3903 1190 3984 explicet
1204 3896 1286 3958 etiam

145 4005 147 4014 '
278 4001 423 4086 Cuperue
439 4006 478 4067 de
494 4004 670 4088 elephantie
688 4007 813 4069 exercit.
829 4023 859 4074 ι.
876 4023 942 4087 cap.
959 4025 988 4068 1.
1004 4005 1044 4068 Τ.
1058 4017 1092 4084 8.
1106 4005 1139 4066 in
1154 4000 1284 4079 Satengre

278 4103 358 4172 thel.
375 4105 521 4190 antiquit.
539 4107 636 4170 Rom.
653 4125 684 4189 p.
704 4123 764 4170 uo.
