2746 4894
42 415 46 422 ·
179 421 982 497 rnrortr.nm„1„m.evrn.tu
1040 412 1141 500 uio
1234 443 1242 458 ’

53 595 242 679 Hesychiur
260 596 392 678 Νιῖιβαι,
413 595 601 689 Πυγμαῖοι;
628 599 835 681 nequeenim
853 597 893 662 de
910 598 988 672 riiir,
1010 615 1107 681 qurm

56 701 101 763 de
112 703 165 764 hie
177 702 277 785 recipi
267 698 386 784 poffit
398 701 549 766 locutiiie
559 699 719 782 Hesychii.
727 735 780 750 -
802 701 973 765 Rationem
987 711 1107 770 rotem.

56 823 161 884 quam
178 802 304 865 obrem
321 804 414 866 hoo
404 825 439 865 ιιι
457 816 558 866 tractu
573 803 754 889 Pygmaeos
775 774 958 866 collocarint
972 816 1107 874 veterem

57 905 148 966 hano
171 901 258 967 iniffe
274 905 438 977 existimo.
470 907 556 988 qnod
568 904 841 1008 Troglodytrrum
857 919 891 966 et
912 903 1109 987 Aethiopum

57 1006 163 1068 multi
181 1005 279 1069 effen't
303 997 454 1085 κολοβοὶ,
480 1009 545 1072 stre
565 971 705 1072 recutiti.
739 1008 825 1068 Hinc
840 1020 891 1070 tot
906 1005 1110 1072 Colobornm

58 1121 178 1192 genter
201 1109 234 1168 in
257 1109 437 1192 Aethiopia.
491 1110 583 1171 idem
605 1129 683 1172 vero
706 1107 864 1172 Aristoteli
885 1124 919 1172 et
939 1109 1009 1170 aliie
1027 1125 1111 1170 uon·

58 1209 163 1272 nullia
195 1203 339 1288 κολοβὸς
371 1223 404 1274 et
432 1209 631 1297 Pygmreue,
667 1210 731 1273 five
759 1228 873 1272 nunue.
932 1200 1112 1286 Κολοβους

60 1313 156 1374 enim
173 1311 230 1374 lib.
249 1327 282 1376 e.
302 1313 500 1396 degenerat.
518 1313 643 1376 animal.
663 1313 742 1374 circa
758 1312 856 1376 finem
872 1323 905 1374 et
918 1311 995 1374 alibi
1016 1322 1111 1375 voert

56 1433 138 1476 non
157 1431 213 1475 eor
229 1425 372 1486 tantum,
399 1417 454 1496 qui
469 1433 536 1478 uno
553 1415 660 1497 aliquo
676 1413 823 1476 membro
840 1413 939 1476 effent
959 1413 1109 1486 mutilati,

62 1513 120 1578 [ed
142 1533 200 1578 eor
217 1517 331 1587 etiam,
356 1535 493 1598 quornm
514 1514 677 1580 universae
692 1517 833 1599 corpori·
848 1529 951 1598 parter
965 1518 999 1576 in
1016 1528 1109 1578 utero

62 1619 178 1680 metris
193 1615 333 1680 oblaeine
347 1632 381 1682 et
401 1617 480 1682 iulio
499 1616 597 1681 effent
614 1614 789 1682 breviores.
839 1618 932 1680 Trler
948 1615 1020 1678 [unt
1035 1617 1112 1678 nani
1247 1633 1251 1640 ·

61 1732 101 1781 e!
125 1719 334 1800 pumilioner.
360 1753 407 1770 -·-
441 1739 584 1783 voeetve.
650 1721 828 1783 Bochartue
851 1739 878 1784 c.
903 1721 926 1782 1.
960 1717 1112 1783 Nubaeor

63 1821 167 1882 etiam
184 1821 352 1906 intelligit,
380 1819 431 1882 sed
447 1819 523 1884 facit
539 1823 698 1905 duplices.
724 1822 847 1888 nostroe
863 1821 1112 1906 Troglodyticor

63 1922 107 1984 ad
132 1923 291 1984 Aualitem
316 1923 438 1995 dnum,
463 1921 793 2007 aliur-propersonae
813 1923 897 1996 Nili,
921 1922 977 1986 etsr
993 1919 1117 1985 Ludolf

65 2023 136 2086 αἰ.
157 2039 190 2094 n,
211 2038 269 2105 23.
293 2044 324 2107 p.
348 2037 427 2103 125.
453 2043 567 2090 omner
589 2025 762 2109 Aethiopas
783 2026 847 2089 hoc
867 2021 1002 2089 nomine
1025 2043 1113 2088 com·

64 2125 229 2208 prehendi
249 2140 351 2209 putrt.
387 2127 440 2190 Sic
455 2128 635 2192 Aristotelen
650 2127 729 2192 Httt.
744 2129 804 2212 An.
823 2137 857 2206 8,
880 2149 935 2192 ιι.
954 2129 1010 2222 qui
1024 2125 1114 2209 iupre

64 2231 257 2310 Aegyptum
277 2228 386 2310 ponit,
413 2229 501 2293 unde
516 2229 609 2292 Nilus
626 2230 715 2302 fluit,
739 2231 918 2314 Pygmaeos
933 2227 1022 2293 fuiss'e
1038 2249 1114 2292 vere

66 2343 173 2412 putat,
196 2329 344 2392 homines
360 2349 486 2414 parvor,
508 2332 611 2413 quiin
627 2332 768 2394 cavernis
785 2331 1009 2404 hahitaverint,
1033 2331 1115 2394 Tro·

68 2430 231 2514 glodyter.
284 2431 377 2494 Idem
401 2431 560 2496 Ludoifur
587 2451 642 2496 eor
666 2453 742 2497 vere
767 2431 856 2506 iniiie
880 2433 959 2495 oiim
981 2446 1115 2496 conten·

69 2535 131 2603 dit,
156 2553 227 2594 non
241 2551 342 2596 nanor
362 2535 491 2618 aliquot,
516 2533 565 2597 sed
584 2551 725 2618 gentem,
747 2534 805 2598 etsr
820 2533 957 2598 fabulosa
973 2535 1115 2598 admixtu
1170 2559 1172 2563 ·

66 2635 153 2706 srnt,
179 2637 334 2718 ponitque
352 2636 386 2698 in
406 2638 567 2700 interioris
583 2635 702 2701 Africae
725 2637 815 2701 terrie
834 2633 1020 2722 incognitis.
1056 2637 1116 2700 lir-

68 2738 144 2799 nier
159 2755 187 2797 c.
204 2737 224 2799 1.
241 2757 272 2819 p.
285 2751 369 2816 397.
393 2737 553 2804 Probinou
568 2736 656 2800 iuiffe
673 2753 762 2824 putat
778 2739 955 2802 Ptolemaei
970 2749 1005 2818 4.
1023 2751 1057 2820 8.
1079 2741 1115 2801 in

71 2837 139 2902 hoc
158 2849 278 2910 tractu,
304 2838 360 2900 uhi
384 2839 483 2902 hodie
500 2839 540 2901 de
558 2839 639 2903 l’Irle
660 2853 757 2922 ponat
774 2840 908 2904 Badies.
960 2843 1051 2904 idem
1073 2855 1116 2904 ta·

72 2959 152 3002 men
168 2940 264 3002 etiam
280 2941 315 3002 in
329 2941 504 3004 Memoirer
520 2975 572 2989 --
589 2961 620 3025 p.
637 2953 718 3020 ¹⁰5·
734 2941 988 3024 cynocephalos,
1013 2941 1117 3006 limiae

73 3061 223 3126 magnae,
245 3038 330 3104 feeit.
382 3041 494 3106 Verius
516 3042 652 3108 austrum
672 3041 835 3114 hobimffm
865 3063 983 3128 gruum
1002 3043 1117 3125 probet

73 3144 246 3227 migratio,
271 3163 347 3225 quar
363 3145 425 3208 iem
443 3144 522 3207 olim
538 3141 675 3207 Africam
691 3157 797 3228 petere
813 3144 1027 3210 crediderunt.
1061 3141 1115 3209 Cf.

74 3245 236 3310 Aristotel.
260 3245 338 3310 Hist.
356 3249 415 3308 dn.
433 3257 466 3325 8,
487 3261 542 3310 12.
568 3265 601 3327 9.
629 3264 684 3311 tt.
718 3246 837 3308 delion.
855 3244 933 3308 Hist.
947 3245 1013 3310 An.
1028 3261 1063 3320 α,
1086 3267 1115 3310 ι.

77 3361 114 3424 3,
137 3359 191 3426 13.
225 3347 446 3429 Aristophaneo
465 3349 499 3409 in
514 3349 627 3411 avibus
643 3369 676 3414 v.
697 3349 801 3428 1136.
818 3360 851 3410 et
865 3343 958 3419 alibi,
982 3361 1016 3411 et
1036 3366 1118 3431 quoe

75 3451 207 3511 notovit
235 3445 382 3512 Oleariue
408 3449 447 3510 ed
475 3449 656 3514 Philostrati
681 3450 815 3514 Heroice
837 3469 890 3520 ιο,
910 3461 945 3529 3.
995 3449 1118 3512 Contra

75 3551 234 3613 redeunte
247 3571 323 3613 vere
342 3571 381 3613 ex
394 3553 558 3636 Aegypto.
585 3553 638 3613 vei
651 3550 832 3614 australibus
845 3552 947 3635 pingis
966 3551 1005 3612 ud
1019 3551 1118 3614 Thre-

76 3653 161 3715 ciam
183 3653 376 3716 transvolare
393 3654 558 3724 dicuntur.
588 3657 675 3718 unde
694 3654 799 3735 poetie
817 3651 922 3716 abbir
941 3651 1054 3716 avibus
1069 3671 1119 3716 ett-

77 3771 218 3835 rumque
241 3755 430 3839 migratione
453 3753 600 3838 frequent
621 3754 664 3817 est
683 3755 889 3837 comparatior
941 3751 1014 3817 vid.
1038 3773 1118 3836 quae

80 3856 174 3918 dedit
188 3855 364 3922 Burmann.
380 3857 420 3918 nd
436 3857 597 3920 Valerium
621 3857 721 3922 Flauo.
738 3869 771 3936 5,
791 3867 876 3936 559.
898 3866 932 3916 et
948 3853 1035 3918 docti
1056 3856 1119 3918 viri

80 3958 124 4018 ad
140 3957 249 4040 Virgii.
266 3959 345 4020 Aen.
369 3978 423 4030 ιιι,
442 3961 526 4024 266.
562 3961 613 4022 De
631 3961 776 4043 Aegypto
791 3957 941 4020 testantur
960 3957 1057 4020 etirm
1072 3977 1120 4022 re·

81 4059 252 4122 centioree.
310 4061 464 4127 Ceterum
498 4059 598 4126 v'erbo
619 4051 718 4151 fuere
748 4058 932 4124 exstinctam
961 4057 1022 4122 effe
1048 4077 1120 4122 eam

71 4173 214 4248 ¹gentem
245 4159 331 4230 Mela
363 4162 481 4226 innuit.
548 4163 646 4228 Plane
678 4158 768 4226 iuiffe
801 4175 898 4249 neget
924 4159 1037 4226 Strabo
1063 4175 1119 4239 17.
