2696 4896
134 448 479 508 1rtrottr.uet.
519 449 631 510 Lm.
672 447 763 512 cv.
805 449 884 521 te.
969 463 1028 530 ιι,

83 619 164 714 iasii
163 611 195 712 s
185 607 216 714 s
215 623 286 682 imi
291 621 312 704 )
353 621 463 685 Mores
478 624 613 686 omuino
633 643 744 686 eorum
761 623 866 686 laudat
880 623 1027 691 Martian.

41 726 122 808 ctplla
135 725 166 786 6.
186 744 217 804 p.
237 743 281 784 m.
296 733 381 804 214.
420 725 641 788 Innocentiam
660 726 790 788 Solinut
805 745 833 788 e.
849 727 870 788 l.
907 727 1030 790 Discor-

38 830 89 890 tun
115 827 150 886 iia
178 825 328 908 ignotam
356 823 458 887 scribit
483 825 567 888 Plin.
589 846 616 890 c.
639 827 658 889 l.
693 817 894 908 δικαιοσύνην
917 825 1030 894 ἀσκεῖν

34 931 129 990 lurum
150 927 210 987 lide
235 927 353 1004 Glycae
378 928 488 990 huual.
507 926 543 990 P.
562 939 594 1008 3.
615 947 648 1010 p.
672 937 750 1002 181.
771 931 879 1006 (Veu.)
913 925 1031 996 btuuro·

33 1021 98 1114 titur
117 1021 326 1090 διδάσκεσθαι
347 1027 495 1091 Clemeue
511 1047 538 1091 c.
555 1029 576 1091 l.
616 1023 800 1092 lulliffimoe
816 1049 923 1094 morea
941 1031 1032 1115 supra

31 1130 128 1212 (utu.
145 1124 224 1212 co.)
249 1131 459 1210 Arymphaeie
474 1129 631 1194 tribuebat
646 1131 741 1192 eriam
754 1131 876 1200 Noster,
898 1148 935 1195 ut
949 1135 1032 1197 Seri·

30 1231 106 1313 btug.
128 1243 157 1304 7,
185 1250 215 1292 r.
248 1231 453 1314 omninoque
480 1231 669 1310 Scytharum
706 1233 847 1292 innatam
875 1235 1033 1315 praedicat

28 1331 143 1392 iustitiam
174 1343 208 1393 et
240 1332 380 1396 minime
409 1327 600 1396 invidiosam
626 1332 803 1396 libertatem
831 1331 1033 1420 Nicephorut

29 1434 160 1516 Gregorat.

81 1600 260 1684 diutius)
314 1601 395 1664 Mile
422 1621 522 1664 auuoe
548 1602 668 1674 virere,
702 1601 777 1666 telle
802 1602 958 1668 Strabone
978 1615 1034 1686 ¹5·

28 1722 51 1782 p.
63 1711 132 1782 489.
145 1701 163 1764 i.
176 1718 217 1776 71
232 1725 261 1764 a.
289 1701 475 1787 scripserunt
491 1703 718 1788 Megasthenes,
741 1705 935 1778 Simoniden,
959 1707 1036 1770 Pin·

29 1803 95 1862 larue
108 1805 216 1884 aliique
241 1805 484 1888 mythographi.
523 1804 749 1866 Prolixitatem
770 1807 861 1866 vitae
878 1808 917 1870 iit
935 1812 1035 1872 etiam

29 1905 148 1965 adtribuit
161 1906 341 1968 Martianus
352 1905 477 1989 Capella
494 1926 521 1970 c.
536 1904 557 1968 i.
575 1917 608 1968 et
624 1905 708 1968 Plin.
722 1915 757 1984 4,
775 1907 833 1969 26.
850 1905 871 1970 l.
886 1924 942 1973 ια.
958 1931 1036 1992 gens

30 1995 120 2090 auusn
135 2005 218 2088 degit
234 2028 327 2072 aevo.
362 2009 452 2068 lrlem
469 2007 520 2068 elii
539 2008 579 2068 de
595 2005 735 2076 Seribua‚
753 2005 811 2086 (ci.
824 2007 862 2070 ad
879 2021 911 2090 3.
927 2027 961 2090 7,
982 2015 1036 2090 a.)

30 2120 50 2164 tt
73 2105 170 2168 Noiler
207 2109 248 2170 de
286 2108 497 2190 Aethiopibus
520 2121 553 2186 3,
578 2125 612 2186 9,
640 2129 669 2169 r.
721 2107 873 2170 Ceterum
900 2109 941 2174 de
972 2112 1037 2176 boc
1081 2146 1085 2159 ·

31 2205 107 2268 litiae
124 2210 192 2271 loco
216 2209 366 2293 exposuit
381 2206 536 2272 Gesnerus
555 2207 594 2270 ad
616 2209 732 2270 calcem
753 2209 875 2292 Orphei
897 2213 931 2274 iu
951 2231 1038 2296 prae·

30 2305 70 2367 lul.
84 2323 110 2375 a.
125 2321 155 2384 5.
182 2311 222 2372 de
239 2327 387 2376 vetemm
403 2308 661 2395 navigationibut
675 2323 762 2372 extra
779 2311 943 2377 columnae
959 2316 1039 2378 Her·

31 2408 238 2496 fflpffim

78 2583 184 2686 festa
193 2597 211 2676 )
248 2599 301 2658 Sic
316 2587 483 2688 patefeJla
498 2595 580 2677 apud
597 2606 750 2658 auctores.
776 2597 847 2660 Viri.
860 2597 1038 2666 Burmann.

34 2691 154 2756 alGratii
177 2699 284 2760 Falisci
303 2699 458 2782 Cyneget.
475 2718 506 2760 r.
522 2708 609 2774 487.
653 2696 750 2760 infert
764 2701 934 2762 notionem
952 2703 1039 2764 laeti-

34 2794 76 2852 tiae
90 2793 280 2862 iulemniorit
299 2813 330 2861 et
348 2798 502 2884 auguliae,
523 2819 617 2882 quare
632 2813 663 2859 et
679 2799 779 2862 laetias
794 2801 962 2888 coniungit
979 2803 1040 2866 Ta·

34 2894 92 2957 titur
107 2897 171 2962 hist.
190 2913 225 2978 5,
245 2913 279 2979 5.
296 2913 374 2963 extr.

87 3081 187 3164 iurgi
195 3084 242 3168 n)
293 3085 375 3145 Hinc
395 3083 476 3148 Plin.
494 3103 521 3148 c.
537 3085 558 3148 l.
582 3075 739 3174 discordia
762 3085 871 3164 ignota
889 3097 919 3146 et
941 3085 1041 3166 aegri·

35 3178 92 3240 lucio
114 3188 224 3248 omnis.
273 3185 466 3248 Pherenioue
498 3187 582 3270 apud
614 3185 722 3250 Schol.
753 3185 883 3248 Pindari
910 3184 1039 3270 Olymp.

36 3285 59 3358 3,
75 3293 124 3360 αδ.
148 3283 317 3375 ἀπείρηται
341 3282 508 3378 πολέμοιο.

85 3459 245 3556 saeris)
283 3473 427 3533 Deorum
446 3471 570 3532 cultum
586 3472 707 3533 viritim
724 3470 942 3554 gregatimque
958 3487 1042 3552 prae·

37 3561 117 3629 licant
130 3573 224 3634 etiam
239 3573 362 3635 Pliniue
377 3587 409 3634 et
425 3572 599 3636 Martianue
614 3572 740 3656 Capella
756 3592 800 3634 cc.
819 3573 852 3633 ll.

92 3754 331 3836 Apollinis)
391 3749 544 3820 Ἀπόλλω
576 3751 722 3846 μάλιστα
754 3777 785 3819 r.
816 3745 925 3817 ἄλλων
956 3751 1044 3816 θεῶν

37 3847 93 3938 tup'
111 3845 217 3932 αὐτοῖς
240 3857 398 3946 τιμᾶσθαι
419 3859 515 3922 etiam
536 3859 669 3922 Diodor.
687 3873 719 3926 Ω,
741 3867 801 3932 47.
838 3855 964 3939 Nempe
988 3857 1046 3917 La·

40 3961 123 4015 tunam
143 3959 188 4018 ihi
208 3973 313 4020 natam
333 3957 559 4031 fabulabantur,
580 3959 667 4019 unde
683 3957 838 4038 Apollinis
854 3957 979 4018 cultum
999 3975 1045 4018 ar·

39 4047 105 4116 teffit
121 4060 248 4122 lliutlor.
267 4057 330 4124 sic.
351 4075 383 4130 a,
400 4071 460 4144 47.
496 4060 678 4142 Apollinem
694 4059 792 4120 etiam
812 4059 944 4120 tertium
963 4059 1045 4121 love

41 4155 110 4220 lertio
133 4173 239 4224 uatum
262 4174 296 4226 et
318 4161 440 4226 Latona
465 4179 505 4225 ex
531 4159 746 4246 Hyperboreia
769 4160 890 4226 Delum
913 4157 1045 4232 reuiile.
