2650 4896
286 391 351 458 118
555 387 716 448 NOTAE
755 390 1056 450 EXEGE'HCAE

284 565 324 626 in
341 561 461 647 Geogr.
476 563 622 626 Ravenn.
633 575 668 640 5,
683 577 742 642 30.
759 567 893 627 occurrit
907 564 1004 627 iniuia
1021 567 1160 638 Secum,
1188 589 1296 652 quama

282 665 429 748 piurimia
449 663 685 748 mimographia
699 667 860 748 antiquam
873 669 1036 748 Scythiam
1050 671 1087 729 ad
1092 668 1232 751 pellatam
1246 672 1295 736 effa

282 768 372 828 dicit.
423 767 461 828 iu
486 767 549 826 iilia
574 769 661 828 enim
691 769 832 848 parribus
862 767 1031 832 coalescere
1057 769 1160 833 [olent
1183 776 1296 836 nomina

283 865 491 947 Scytharum,
518 869 728 930 Sarmatarum
751 872 1054 954 Ingaevonumque,
1087 873 1159 942 rei,
1190 875 1240 955 qoi
1264 895 1296 938 ea

283 969 337 1031 iila
356 982 453 1052 gente
478 969 625 1042 inerunt,
655 973 892 1034 Teutonorum.
944 975 1010 1032 lam
1033 993 1112 1034 vero
1135 994 1212 1054 quae
1227 975 1254 1036 tr.
1267 977 1296 1040 iit

281 1071 454 1142 Scaudiua,
488 1071 618 1134 Ciurer.
635 1091 662 1133 c.
678 1071 700 1134 1.
719 1093 752 1154 p.
771 1069 855 1150 654.
879 1085 916 1132 ut
933 1073 1046 1136 Celiar.
1060 1075 1097 1134 in
1114 1074 1228 1158 Geogr.
1243 1091 1295 1140 aut.

282 1188 317 1243 2,
340 1184 373 1249 5.
396 1185 455 1251 8¹·
481 1172 616 1234 eandem
636 1174 732 1234 etiam
748 1174 865 1236 dictam
881 1173 940 1234 affe
955 1188 1048 1257 putat
1067 1191 1160 1237 autea
1173 1177 1296 1238 Banna

280 1274 335 1336 rel
347 1271 522 1365 Basiliam,
546 1275 622 1358 (hoc
636 1271 787 1336 vitiosum
801 1274 896 1336 habet
911 1276 1075 1339 Pontanua
1091 1299 1120 1338 c.
1136 1277 1158 1339 l.
1174 1275 1294 1360 p.7od.)

280 1376 371 1438 cuius
402 1374 588 1438 immensam
615 1375 870 1458 magnitudinem
896 1379 1075 1458 praedicent
1102 1398 1143 1440 ex
1169 1391 1295 1440 veterum

263 1479 466 1540 auctoritare
481 1479 565 1538 Ptin.
581 1488 616 1554 4.
638 1475 732 1548 17.[.
754 1491 809 1556 15.
838 1476 888 1538 ted
911 1479 933 1538 ti
957 1478 1208 1541 Scandinuviam
1226 1480 1293 1543 Piiu.

279 1597 306 1640 c.
330 1579 353 1640 1.
381 1577 506 1641 diverso
532 1575 618 1640 seusu
643 1578 724 1638 dixit
745 1577 806 1640 effe
826 1579 1042 1662 incompertae
1068 1581 1294 1664 maguitudiuia,

278 1699 376 1764 porro
396 1681 481 1740 iilam
502 1700 520 1740 a
541 1678 733 1756 Scytharum
756 1680 848 1742 litore
866 1683 962 1741 tridui
982 1683 1189 1765 navigatione
1208 1700 1294 1743 remo·

278 1795 350 1852 vet,
375 1783 498 1860 (Diod.
516 1781 614 1844 sicui,
632 1794 665 1858 5,
681 1794 741 1860 25.
759 1783 805 1844 iu.
826 1783 922 1843 etiam
944 1785 977 1842 in
996 1783 1130 1862 Scythia
1147 1785 1247 1864 pouit,
1268 1794 1295 1843 et

276 1881 439 1946 succinum
456 1884 530 1946 eiici
545 1883 579 1943 in
594 1903 664 1944 eam
678 1882 772 1953 dicit,
796 1902 891 1964 quam
908 1883 1032 1944 Timaei
1047 1883 1294 1947 Bannomanuaru

276 1981 299 2048 s.
316 1985 519 2046 Baunoniam
536 1983 591 2044 alii
605 1997 718 2066 putant
733 1984 817 2066 apud
833 1984 916 2046 Ptin.
934 1996 968 2064 4.
987 2001 1045 2060 27.
1056 1982 1077 2047 f.
1094 2006 1107 2044 a
1117 2000 1150 2060 3.
1175 1985 1228 2045 ubi
1241 1986 1295 2066 qui·
1317 1983 1320 1988 ‘

276 2087 352 2148 dem
366 2087 433 2148 vid.
452 2087 653 2163 Harduinua)
679 2100 711 2146 et
733 2086 808 2146 iude
823 2084 861 2146 ad
881 2087 1016 2165 primam
1032 2086 1219 2148 Germaniae
1232 2091 1293 2170 geu·

276 2198 361 2256 tem,
397 2189 605 2270 Ingaevones,
637 2187 791 2267 procedit,
825 2185 959 2246 dubium
980 2185 1052 2248 facit
1073 2191 1228 2256 maxime,
1251 2186 1292 2246 rel

275 2289 446 2358 incertum,
465 2288 512 2348 uti
526 2287 656 2368 quidem
675 2289 715 2348 de
731 2285 872 2350 Cluverii
889 2285 1042 2350 sententia
1057 2289 1179 2350 iudicat
1194 2286 1291 2350 Weiia·

275 2390 345 2473 ling
366 2390 402 2451 ad
420 2391 518 2452 Diod.
534 2390 596 2450 Sic.
612 2407 639 2449 c.
655 2388 677 2448 l.
728 2389 818 2449 idem
840 2407 953 2470 porro,
977 2391 1051 2471 quia
1068 2391 1102 2449 iu
1123 2390 1224 2452 nostro
1238 2401 1293 2450 tue·

276 2504 327 2552 tur
345 2489 544 2560 Codanonia,
560 2489 641 2550 hanc
657 2486 811 2550 diversam
828 2488 932 2551 statuit
945 2511 962 2551 a
977 2489 1204 2559 scandinavia.
1220 2490 1291 2550 iiiam

273 2611 391 2672 nempe
408 2590 467 2652 eise
482 2589 691 2652 Siniandiam.
727 2590 800 2653 vid.
821 2611 849 2660 r,
867 2592 925 2656 26.
943 2611 1013 2674 pag.
1032 2603 1114 2668 135.
1167 2591 1290 2652 Maxime

273 2705 398 2760 autem,
422 2705 533 2774 utpote
552 2691 586 2752 iu
601 2710 635 2754 ra
652 2689 799 2760 obicura,
824 2692 976 2753 differunt
991 2694 1183 2756 recentiores
1200 2694 1231 2752 in
1244 2709 1290 2751 no·

274 2793 367 2855 tanda
388 2793 447 2854 hac
468 2791 578 2853 insuia.
631 2793 676 2854 Ita
697 2791 827 2854 Cluver.
848 2791 956 2854 Germ.
979 2806 1043 2855 ant.
1060 2807 1091 2872 5,
1112 2806 1172 2872 33.
1193 2795 1290 2875 peniu-

274 2894 370 2957 tutam
396 2893 456 2956 effe
489 2905 689 2975 compertum
723 2894 801 2954 dicit
835 2892 889 2954 iub
922 2895 1110 2958 nominibus
1135 2894 1290 2961 Bionniae,

273 2996 437 3074 lappam,
470 2996 748 3064 Fr'rrnornoreiriue,
781 2994 935 3063 Botniae,
970 2995 1118 3067 suediae,
1157 3008 1190 3057 et
1218 2993 1290 3054 Nor·

271 3099 391 3177 vegiae.
424 3097 466 3157 Et
482 3095 520 3157 stc
535 3095 647 3158 Cellar.
663 3116 689 3156 c.
706 3095 726 3155 1.
743 3115 777 3155 ea
793 3096 1013 3176 complectitur
1029 3097 1126 3157 hodie
1141 3096 1289 3161 Suediam,

272 3198 495 3281 Norwegiam,
522 3196 734 3278 Lapponiam,
767 3196 1039 3268 Firmmarclriam3
1072 3217 1089 3256 a
1110 3193 1287 3257 Wedeic.1.

273 3294 382 3381 paffim
410 3298 558 3358 Suedium
584 3310 617 3356 et
640 3297 857 3375 Norwegiarn,
896 3317 989 3378 quam
1016 3313 1140 3360 veteres
1169 3295 1289 3356 insulam

272 3400 430 3484 putarint,
465 3417 559 3480 quam
582 3397 620 3458 ad
643 3396 796 3458 Celticam
820 3396 960 3476 Pytheae
981 3396 1086 3460 refert.
1139 3401 1176 3460 in
1197 3411 1287 3476 eoque

273 3497 449 3564 consentire
466 3497 530 3560 fere
546 3511 689 3560 auctoree
704 3499 894 3560 recentiores
912 3499 990 3560 ridi.
1015 3501 1179 3562 Pantanus
1194 3512 1288 3558 tamen

270 3602 306 3664 iu
327 3603 470 3684 chorogr.
489 3601 608 3660 Dauiae
629 3597 723 3661 deser.
740 3619 772 3681 p.
788 3599 873 3677 669.
895 3599 933 3659 ad
949 3600 1096 3661 Sennium
1117 3597 1284 3679 (Scironen)

271 3714 395 3765 tantum
417 3701 545 3784 redigit,
570 3714 612 3770 et,
636 3697 839 3762 dissentiente
859 3701 1003 3780 quamvis
1020 3700 1139 3772 Plinio,
1164 3700 1285 3762 Baitiam

270 3804 349 3866 oiim
372 3803 486 3863 dictam
508 3803 605 3862 etiam
630 3797 740 3862 aredii.
793 3801 884 3863 Idem
908 3815 1012 3863 tamen
1036 3803 1106 3863 init.
1128 3821 1195 3884 pag.
1210 3801 1283 3875 659.

268 3904 381 3966 latiora
398 3899 487 3963 sensu
503 3903 598 3964 etiam
616 3903 655 3966 de
670 3900 884 3985 Narvegia'et
907 3901 1022 3962 Suedia
1043 3923 1116 3962 cum
1133 3897 1285 3962 adiacenti-

269 4004 330 4067 bua
349 4003 411 4062 dici
431 4003 584 4066 adfirmat.
622 4001 685 4064 Sed
700 4003 795 4063 nimir
810 4004 944 4087 longum
958 4002 1001 4063 est
1024 4003 1131 4063 omnia
1149 4003 1198 4061 hic
1221 4017 1283 4059 con·

269 4122 379 4194 gerere
394 4115 427 4166 et
446 4103 486 4165 ah
508 4099 652 4168 instituto
669 4103 823 4168 alienum.
875 4103 1034 4185 Equidem
1053 4105 1129 4168 haec
1142 4100 1281 4166 existimo.
