2696 4896
243 392 305 443 rte
511 377 674 438 etone
713 379 1020 438 exuentem

241 553 407 639 stipendia,
424 553 478 617 rel
494 573 613 615 annuae
629 553 852 636 expeditiones
867 553 989 617 civitati
1005 551 1177 640 cogebatur
1194 569 1300 636 prae·

241 658 330 724 ttrre.
362 675 387 720 r.
407 655 696 718 unouovtvtMS.
723 675 752 718 r.

310 851 446 952 ferire
454 857 473 942 )
526 857 582 922 Gr.
609 851 797 922 πατάσσειν.
848 857 901 921 stc
927 857 1086 919 Hannibal
1119 857 1153 918 in
1187 869 1297 938 poeta

242 963 327 1048 apud
343 961 443 1024 Cicer.
466 979 525 1043 pro
549 961 586 1024 t..
602 961 702 1023 Corn.
722 959 820 1021 Balbo
843 980 870 1022 c.
888 975 946 1023 22.
968 959 1084 1054 hostem
1100 960 1156 1043 qui
1166 951 1294 1048 feriet.

243 1065 303 1126 erit
332 1063 408 1124 mihi
439 1057 737 1150 Karthagint'ufi53
776 1061 948 1122 Frontinus
967 1075 1002 1140 4,
1030 1082 1059 1133 ι,
1084 1075 1117 1142 4.
1144 1061 1296 1142 obponit

243 1167 342 1228 civem
357 1154 496 1256 ftrrvare.
544 1165 626 1227 item
648 1161 745 1245 ipsam
763 1162 874 1224 Noster
894 1165 986 1225 duxit
1005 1183 1044 1224 ex
1061 1163 1231 1225 Herodoto
1249 1172 1293 1240 4,

249 1282 332 1343 ιι7.
361 1266 417 1348 qui
444 1266 484 1329 de
511 1265 770 1328 Sauromatarum
795 1262 926 1328 feminis
948 1266 981 1328 id
1007 1263 1114 1330 refert.
1166 1261 1220 1328 cf.
1245 1263 1294 1326 ad

250 1387 279 1442 t,
307 1385 363 1450 ⁸9,
392 1385 447 1450 r7.

650 1702 796 1770 CAP.
843 1703 883 1767 V.

466 1890 565 1940 DE
642 1885 1064 1940 servati.

396 2075 427 2155 §.
460 2094 490 2138 ι.
542 2073 662 2158 inde)
712 2077 760 2138 Ex
776 2077 945 2148 Sarmatia,
977 2093 1059 2158 quae
1082 2072 1213 2154 Scythae
1233 2072 1296 2134 ad·

246 2176 357 2261 tingit.
392 2194 588 2239 ottvtrtrve.
648 2178 855 2262 Progreditur
886 2179 939 2239 hic
968 2179 1049 2238 ultra
1082 2175 1218 2262 Tanaim
1255 2175 1294 2234 in

247 2279 368 2348 Asiam,
395 2291 520 2360 atquae
534 2279 701 2359 reliquerat
716 2280 772 2342 lib.
791 2295 823 2342 α.
839 2299 905 2361 cap.
927 2299 982 2359 19·
998 2293 1030 2342 et
1047 2279 1102 2339 lib.
1126 2298 1154 2341 1.
1172 2297 1239 2356 cap.
1257 2295 1291 2338 t.

247 2379 339 2444 cursu
359 2399 416 2462 per
434 2381 566 2442 Tanaim
584 2382 719 2451 relecto.
752 2379 975 2444 venusttum
996 2379 1293 2460 septemtrionalem

246 2495 282 2546 et
296 2481 371 2543 inde
388 2482 426 2542 ad
444 2483 550 2544 Eouru
568 2483 732 2545 Oceanum
752 2481 921 2545 conversus
942 2484 1102 2552 emetitur,
1125 2479 1294 2563 perlustra·

247 2587 291 2648 tit
305 2583 361 2653 iit,
387 2603 465 2665 quae
482 2585 685 2655 interiacent,
711 2600 748 2645 ut
766 2585 804 2645 ab
821 2586 879 2645 hac
897 2599 983 2666 parte
1001 2585 1085 2644 Atrae
1102 2581 1292 2662 descriptio·

247 2705 325 2749 netu
347 2685 504 2749 conficiat.
568 2686 683 2771 Magna
713 2687 817 2755 enirn,
850 2686 935 2767 quod
961 2687 1038 2744 dicit
1062 2685 1143 2745 Plin.
1169 2684 1200 2749 6.
1230 2693 1292 2760 ¹4·

248 2785 272 2851 I.
294 2799 348 2864 13.
379 2787 486 2868 portio
512 2787 599 2849 Afrae
625 2788 841 2869 septemtrioni
868 2786 1004 2868 adpofita
1034 2785 1088 2848 ett.
1149 2785 1293 2844 Tanaim

248 2901 357 2951 autern
382 2888 415 2948 in
437 2890 491 2952 illo
515 2903 614 2950 tractu
641 2889 726 2952 ttae
745 2903 777 2953 et
798 2890 945 2972 Europae
972 2891 1146 2951 terminum
1173 2884 1292 2948 eonsti-

247 3001 357 3063 tuere,
382 3010 422 3053 ex
441 2988 651 3075 superioribus
667 2989 796 3054 constat.

318 3183 495 3286 sedant)
543 3193 710 3278 Eleganter
741 3192 883 3265 sustinet,
922 3193 976 3256 vel
1009 3192 1138 3253 adiuvat
1170 3208 1293 3252 vocem

249 3306 428 3378 perpetuae.
465 3291 573 3354 Sedere
587 3298 684 3368 enirn,
702 3299 827 3357 haerere
840 3309 872 3357 et
890 3297 997 3356 firniiia
1013 3297 1050 3355 de
1067 3293 1160 3355 rebut
1176 3293 1293 3352 dicuu-

251 3409 320 3468 tur,
347 3413 426 3475 quae
442 3395 574 3457 firmiter
595 3393 712 3478 suoque
735 3398 806 3459 ioco
825 3397 907 3478 quast
928 3398 1046 3458 adfixae
1068 3395 1146 3456 stant
1167 3406 1200 3456 et
1222 3413 1292 3456 ma·

252 3509 342 3560 nent.
390 3496 443 3556 Sic
466 3497 585 3558 Seneca
609 3499 643 3558 in
664 3499 801 3560 Hercule
822 3497 946 3560 furente
971 3519 1002 3559 v.
1022 3507 1105 3575 704.
1131 3497 1292 3557 immotus

252 3608 309 3660 rte'r
327 3599 449 3667 haeret.
483 3610 514 3659 et
535 3599 626 3679 pigro
641 3591 733 3689 sedet
753 3619 818 3660 uox
838 3613 913 3660 atra
936 3598 1062 3662 mundo.
1106 3599 1159 3662 sic
1182 3596 1289 3660 Solio.

254 3715 313 3764 no.
331 3698 353 3763 s.
376 3701 535 3780 15.regt'o
558 3697 702 3792 odfiduis
729 3691 846 3790 obseffu
874 3699 1003 3762 nivibus
1025 3701 1064 3760 de
1088 3700 1149 3760 hoc
1173 3711 1287 3761 tractu.

253 3803 305 3865 stc
319 3799 410 3895 hosta
420 3791 511 3891 sedet
526 3803 559 3862 in
574 3792 707 3892 adverso
725 3813 850 3882 pectore
869 3801 966 3864 ovid.
986 3801 1118 3863 Metam.
1135 3813 1187 3877 15,
1204 3799 1286 3863 162.

254 3903 318 3965 telo
339 3906 371 3963 in
390 3894 487 3993 scuto
508 3904 619 3966 Florus
635 3917 669 3982 4,
691 3920 721 3975 2,
742 3915 801 3982 [μ.
837 3903 891 3964 ubi
915 3904 980 3966 vid.
1008 3902 1129 3963 Duker.
1152 3915 1184 3961 et
1207 3920 1288 3982 quot

253 4004 372 4096 laudat.
411 4003 530 4066 Contra
545 4006 702 4068 Damastes
721 4006 740 4068 i.
758 4027 790 4070 v.
808 3997 1050 4094 Ἵπερβόρειοι,
1075 3998 1175 4088 χιόνα
1199 3993 1289 4065 nuru*

254 4101 405 4191 (Ῥιπαῖα
427 4097 505 4196 ὅρη)
528 4103 656 4199 μήποτε
680 4103 836 4173 ἐλλείπειν
857 4109 945 4171 dicit.
997 4107 1082 4168 Hinc
1104 4106 1144 4168 de
1166 4103 1285 4176 otiofie,
