2748 4888
119 463 174 524 ru
203 465 352 524 corun.
382 460 491 522 unt.
533 460 644 519 nur.
685 459 791 520 cnr
834 461 914 532 tt.
1012 476 1053 542 μ

21 640 173 726 ηκῐίοῐοι
189 638 307 700 Tacit.
323 637 357 698 in
376 637 486 700 Germ.
504 655 571 718 cap.
594 651 625 698 t.
657 633 809 700 Marcion.
826 655 858 720 p.
874 649 934 717 51.
951 637 1053 708 Hudi.

21 743 204 829 tgatherner.
222 755 260 810 tt,
279 751 319 820 4.
346 739 449 802 Solin.
467 758 534 822 cap.
552 749 611 817 93.
629 735 651 800 i.
670 753 730 802 tto.

73 941 270 1007 obducta
281 939 303 1022 )
352 943 479 1024 Spectet
500 940 655 1006 hocloco
678 941 791 1004 linium
807 940 1055 1028 descriptionem

17 1061 38 1111 tt
63 1049 314 1108 extremitatem
341 1043 530 1106 Germaniae
556 1041 665 1105 retine
689 1043 960 1126 septemtrionem.
1000 1048 1055 1112 Est

16 1150 97 1232 igitur
113 1147 294 1216 includere,
322 1145 524 1215 circumdare,
549 1157 586 1204 ut
606 1145 640 1206 in
659 1147 769 1230 virgil.
788 1145 902 1232 Georg.
918 1163 950 1216 tt.
965 1157 1009 1230 4ι
1023 1171 1052 1214 r.

16 1241 132 1342 segetem
155 1245 270 1338 deusti
295 1244 457 1308 obducunt
472 1237 617 1337 sentibus
638 1243 766 1316 herbae,
792 1249 862 1318 rel,
888 1251 973 1330 quod
991 1253 1054 1314 hut:

18 1353 132 1432 propim
149 1348 247 1418 iacit.
278 1350 316 1408 in
333 1347 416 1410 Mela
435 1361 466 1428 3.
485 1349 518 1418 6.
536 1347 596 1430 46.
615 1347 789 1408 Britannia
808 1364 960 1429 perpetuo
976 1373 1056 1414 umr-

21 1455 79 1532 gine
100 1451 214 1512 directi
241 1451 353 1512 litoris
374 1447 414 1510 ab
434 1461 556 1530 tergore
577 1446 726 1510 obducta.
769 1451 840 1514 vid.
858 1453 897 1513 de
918 1453 979 1515 hoc
997 1451 1056 1516 usu

23 1555 178 1634 porticulae
202 1549 248 1614 ob
275 1553 312 1612 in
335 1549 393 1612 hac
410 1569 493 1640 poce
515 1565 548 1611 et
570 1551 636 1612 aliie
657 1551 758 1615 Cerdo
781 1553 818 1612 ad
844 1553 952 1638 virgil.
975 1554 1056 1620 lien.

28 1669 54 1721 t.
68 1653 145 1734 604.
177 1654 333 1736 Kappiue
350 1653 384 1713 in
400 1653 505 1716 indice
521 1653 656 1733 explicet
672 1655 856 1723 terminare,
882 1657 969 1736 qnod
991 1655 1059 1738 qui·

28 1757 86 1816 dern
99 1776 137 1816 er
153 1775 244 1818 nexu
262 1753 480 1836 consequitur.
522 1754 607 1817 Mela
629 1767 734 1816 tamen
753 1753 792 1816 tte
810 1753 899 1816 timui
922 1758 1059 1818 modum

33 1857 139 1920 indicat.
192 1857 264 1919 Pro
290 1875 332 1919 eo
348 1857 477 1918 'secitur
498 1857 531 1914 in
554 1855 663 1918 Germ.
684 1875 751 1938 cap.
775 1875 803 1918 r.
828 1855 940 1920 Cetera
960 1857 1059 1920 Ocea·

33 1977 77 2016 uu
88 1955 197 2023 nesbit.
229 1961 283 2020 De
300 1977 334 2020 re
349 1956 479 2020 Ciurer.
494 1957 527 2018 in
540 1956 649 2018 Germ.
665 1969 730 2020 ant.
748 1969 780 2036 3.
798 1969 855 2037 37.
871 1977 903 2040 p.
915 1959 987 2038 646
998 1957 1061 2042 iqq.

38 2056 163 2122 Omnino
190 2060 391 2144 intelligitur
418 2057 566 2120 Oceanus
592 2055 871 2142 septemtrionaiie,
901 2063 978 2142 qui,
1004 2061 1062 2124 ubi
1135 2039 1140 2052 ⁵

38 2157 206 2224 Germaniae
233 2175 342 2244 parter
365 2159 497 2245 adtigit,
522 2160 859 2230 momenmentum,
887 2163 1061 2236 Suetn'cunr,

40 2257 66 2318 in
83 2280 140 2341 quo
162 2260 236 2324 funt
259 2262 347 2326 linui
365 2261 515 2326 Codanus
533 2275 566 2323 et
591 2259 747 2332 Venulus,
774 2263 956 2343 adpellatnr.
1010 2265 1063 2329 Sic

40 2358 153 2440 Plini„
173 2379 234 2438 27.
252 2363 275 2428 l.
299 2377 356 2443 13.
375 2363 412 2424 ed
431 2363 635 2425 Germaniam
657 2363 751 2425 habet
769 2362 901 2424 insulam
922 2363 1063 2426 Burelro·

43 2480 104 2520 nnn
122 2461 351 2541 [Faberium.
380 2479 411 2526 at
430 2465 516 2525 idem
536 2475 590 2542 ra.
617 2477 675 2544 3⁰·
697 2463 719 2528 s.
744 2479 797 2526 12.
820 2465 954 2526 eandem
972 2467 1066 2546 ponit

45 2560 73 2619 in
97 2561 358 2646 septemtrionaiie
389 2565 509 2627 Oceani
547 2563 672 2636 inlude,
717 2585 792 2627 cunr
824 2585 888 2647 quo
929 2567 1067 2630 conferri

49 2663 170 2742 poiiunt,
195 2671 278 2752 quae
295 2671 336 2730 de
350 2667 565 2732 Gleiiarirrum
586 2667 643 2730 [itu
663 2667 706 2729 ita
726 2665 822 2730 refert
835 2677 870 2747 4,
888 2683 946 2745 27.
966 2667 987 2732 i.
1009 2683 1066 2751 13.

51 2767 118 2828 conl·
133 2779 165 2848 iit
182 2767 283 2850 30ιὶ
306 2767 361 2835 16·

111 2967 326 3054 inmanes)
378 2969 514 3058 Elegaue
534 2973 683 3054 repetitio
703 2971 740 3034 ad
762 2971 933 3034 notandam
954 2973 1071 3036 utrint·

57 3083 105 3144 que
121 3083 151 3130 et
166 3077 264 3136 animi
288 3087 320 3136 et
342 3076 481 3158 corporis
502 3075 732 3156 aequalitatem.
781 3075 826 3135 dd
846 3070 966 3134 lenium
984 3075 1070 3136 idem

31 3197 33 3236 r
61 3165 230 3240 deciment
245 3179 390 3240 adfirmat
403 3175 560 3261 Quinctil.
578 3177 708 3237 deciam.
728 3189 761 3254 3.
777 3186 811 3256 4.
835 3195 911 3254 gens
932 3195 994 3236 non
1017 3177 1072 3237 uri·

33 3287 35 3355 ζ
62 3277 298 3340 unanimorum
324 3277 538 3347 immanitate.
574 3299 669 3360 qutun
698 3297 860 3354 corporum
887 3273 983 3336 beluis
1000 3267 1073 3366 sut's

35 3397 36 3406 ¹
66 3375 197 3444 proxima,
247 3381 287 3443 ln
309 3377 495 3460 corporibus
514 3377 615 3461 poteli
637 3377 785 3460 explicari
811 3379 850 3438 de
874 3379 1072 3459 proceritate,

68 3487 128 3548 quae
147 3478 256 3543 iulium
280 3478 469 3562 solitumque
492 3481 627 3543 modum
648 3479 781 3541 excedit.
836 3479 883 3538 lta
905 3479 993 3538 enirn
1014 3477 1074 3542 lul.

72 3567 138 3638 ent.
152 3581 187 3643 de
199 3583 233 3646 tt.
249 3583 289 3645 G.
314 3601 341 3654 t.
360 3595 416 3662 59.
438 3583 560 3663 ingenti
581 3579 797 3661 magnitudine
817 3599 946 3662 corpora
962 3581 1007 3642 eie
1024 3579 1077 3641 tri·

73 3665 137 3746 buit,
159 3697 188 3744 et
201 3685 313 3748 Suerie
323 3695 357 3764 4.
373 3681 433 3746 r.f.
452 3685 616 3744 immonem
633 3703 797 3758 corporum
816 3679 1076 3758 magnitudinem.

78 3769 206 3846 Cierium
219 3788 258 3850 de
274 3771 432 3848 Teutonis
448 3797 480 3844 et
495 3781 632 3847 Cimbris
644 3782 799 3846 Plutarch.
816 3781 962 3844 intincto
980 3801 1007 3846 c.
1023 3803 1078 3848 rr.

79 3879 142 3942 etde
154 3884 313 3951 Germanii
328 3889 457 3949 'Facitne
473 3889 507 3946 in
522 3885 629 3948 Germ.
648 3905 714 3968 cap.
731 3895 766 3962 4.
794 3883 905 3945 Strabo
923 3883 976 3943 lib.
991 3898 1022 3958 7.
1034 3885 1078 3946 in.

84 3971 251 4074 πλεονασμὸν
283 3983 475 4076 ἀγριότητος
508 3977 563 4048 uni
598 3983 659 4050 roi
692 3983 872 4076 μεγέθους,
909 3999 1082 4068 utrumque

85 4079 196 4148 etiamne
208 4093 400 4172 compienne.
418 4103 585 4158 memorat,
613 4087 679 4148 fere
694 4103 729 4147 ut
748 4087 856 4148 Florue
874 4101 905 4156 2.
922 4096 956 4164 4.
977 4088 1021 4148 in.
1044 4089 1085 4148 rie

90 4175 158 4247 Gallie
176 4189 353 4256 insubribut
374 4205 407 4254 et
424 4191 555 4273 Alpium
579 4191 693 4254 accolis
716 4189 814 4250 nuinu'
826 4179 991 4276 ferorum,
1019 4207 1085 4250 cor·

121 4295 197 4376 Pomp.
210 4307 297 4364 Meta.
321 4307 436 4382 Exeget.
453 4305 558 4362 Mil.
856 4289 881 4352 F
