2748 4888
298 391 372 484 nt'
571 403 737 470 uum
775 405 1079 467 exponerent

378 581 546 665 Limia)
594 581 648 648 sto
661 596 695 646 et
709 585 794 648 Plio.
807 593 845 665 4,
861 591 920 665 34.
935 579 958 646 1.
974 598 1034 648 tto.
1050 581 1160 658 effem
1181 597 1214 648 et
1228 583 1348 647 sonno

306 701 343 767 3.
366 707 400 770 p.
420 683 540 766 1⁰5.[.
562 697 645 766 153.
660 683 813 778 Aepulo„
831 686 971 749 Ptolem.
989 703 1024 756 2,
1040 686 1074 747 6.
1096 682 1228 774 Alpion,
1253 687 1347 768 qnod

303 785 447 874 prreiem
466 783 615 876 eArpr'ou
630 787 665 850 in
680 790 838 874 genitivo.
871 787 970 850 Addit
984 787 1079 854 Aleia.
1098 787 1144 848 illi
1158 807 1347 872 cognomen

307 887 487 954 Oblivionu
507 887 616 960 tuille,
641 891 729 972 quod
751 891 882 974 plorimi
903 904 1048 952 auctores
1068 892 1268 952 confirment.
1304 889 1346 952 ln

305 991 435 1056 errem
458 989 502 1054 etl
524 985 542 1055 ὀ
564 990 623 1078 τῆς
645 988 770 1079 Λήθης,
800 1005 836 1052 nt
855 992 940 1073 opud
961 991 1151 1054 Strabonem
1166 992 1233 1054 ul.
1267 991 1345 1054 Plu·

304 1093 405 1156 trrelr.
437 1092 473 1154 in
504 1092 571 1178 Qu.
605 1093 703 1156 llum.
737 1113 808 1180 peg.
832 1103 914 1174 ²⁰⁴*
954 1092 1062 1174 (Opp.
1088 1093 1159 1156 Vol.
1171 1108 1206 1168 7.
1228 1091 1345 1176 Lipi.)

303 1195 349 1260 ttr
371 1194 411 1256 tre
432 1194 540 1257 Latini
564 1191 744 1257 Obliuionis
762 1209 897 1266 vneror,
930 1205 967 1254 nt
994 1193 1079 1256 Ptin.
1101 1204 1138 1272 4,
1163 1208 1220 1274 55.
1241 1194 1346 1258 [ne.

305 1293 471 1362 Selluiiiue
494 1295 569 1358 telle
589 1295 703 1360 Servio
721 1295 762 1359 ed
788 1296 899 1382 virgil.
919 1295 997 1358 Aen.
1023 1314 1055 1366 r,
1079 1297 1163 1370 267.
1195 1297 1281 1358 lior.
1310 1311 1346 1368 ιι,

310 1413 367 1476 t7,
387 1413 442 1463 ru.
477 1394 685 1462 Celenbooue
702 1399 783 1461 adeo
798 1397 836 1460 etl
851 1397 1040 1460 sonnonem
1062 1397 1238 1467 contendit,
1264 1396 1346 1458 lem·

302 1519 363 1588 per
383 1500 416 1561 in
440 1499 588 1586 genitivo
603 1497 674 1562 colu
695 1499 894 1562 efferendum
907 1497 986 1570 elle.
1006 1512 1042 1560 et
1055 1513 1145 1562 notet
1160 1500 1346 1582 Appianum

304 1603 347 1666 ele
361 1600 428 1666 reb.
450 1599 581 1686 llilptn.
601 1619 669 1684 erp.
686 1615 745 1677 72.
774 1598 834 1685 (ci.
856 1616 889 1666 et
909 1619 980 1684 cup.
996 1596 1079 1683 71.)
1109 1600 1164 1661 nbi
1186 1603 1219 1661 in
1240 1598 1345 1662 secut

303 1703 421 1768 dieitur
438 1697 562 1790 Λήθην,
585 1714 619 1767 et
635 1703 766 1765 Livium
782 1703 816 1764 in
831 1703 909 1787 epit.
924 1701 981 1764 lib.
994 1711 1052 1778 55.
1065 1692 1114 1790 fl.
1134 1697 1346 1772 Oblivionem,

304 1805 364 1870 ubl
385 1803 563 1870 Schellerue
579 1805 681 1886 etiem,
693 1807 727 1866 in
752 1805 829 1866 Lex.
846 1804 879 1867 lt.
892 1824 927 1866 v.
949 1802 1039 1864 molit
1056 1801 1245 1866 omnimo.
1285 1799 1345 1868 Cf.

303 1907 432 1972 Tolllue
453 1905 491 1969 erl
506 1906 687 1988 Appiron‘c.
709 1907 732 1970 l.
757 1907 811 1987 qni
828 1924 868 1968 ex
883 1902 1069 1970 Coinubono
1091 1903 1141 1967 lue
1161 1903 1282 1992 linuit,
1308 1917 1348 1968 et

302 2007 346 2074 lit
360 2007 508 2072 Boelmt.
525 2005 729 2070 inChaneun
749 2015 859 2090 1,34.
911 2007 1008 2069 Hune
1029 2020 1139 2070 temen
1162 2003 1265 2068 celum
1287 2007 1348 2069 ‹le-

304 2105 393 2172 ientii
425 2107 521 2170 etiem
548 2105 633 2189 polle
656 2107 695 2169 etl
727 2108 862 2191 Appien.
887 2108 957 2171 Vol.
975 2119 1008 2186 3.
1027 2127 1099 2193 pag.
1121 2123 1205 2186 297.
1234 2105 1348 2170 oenlet

301 2205 632 2294 Schweighaeuserue,
657 2227 730 2270 eum
752 2208 879 2292 insuper
898 2209 1011 2273 Strabo
1028 2228 1056 2276 c.
1071 2210 1093 2272 l.
1113 2221 1259 2280 moneat,
1282 2209 1348 2274 Be-

301 2301 405 2376 inim
425 2303 594 2394 (BrAt'uoo
617 2307 783 2394 Moicov.)
807 2311 903 2374 etiem
922 2311 1038 2382 vocari,
1063 2311 1098 2372 i'n
1114 2330 1177 2393 quo
1193 2311 1345 2373 Latinam

301 2428 418 2475 vocem
436 2409 531 2473 letere
551 2429 618 2474 non
641 2425 761 2474 temere
784 2426 948 2495 putarunt.
997 2411 1122 2474 Pliniue
1142 2423 1246 2474 temen
1267 2433 1297 2476 o.
1318 2413 1345 2477 l.

301 2529 358 2578 eut
382 2523 489 2582 noter.
521 2513 575 2594 qui
597 2511 637 2574 fic
659 2513 836 2596 adpellent.
872 2532 949 2574 cum
971 2513 1081 2597 potine
1101 2512 1140 2574 etl
1164 2513 1346 2576 Aeminium

299 2613 458 2698 pertineat
474 2611 532 2675 luc
549 2631 749 2698 cognomen,
771 2615 823 2676 cui
840 2612 1013 2676 adsentitur
1027 2614 1221 2678 Herduinue.
1266 2615 1347 2677 Fuit

301 2713 435 2798 quidem
451 2713 506 2776 ille
528 2713 647 2779 fluriur
668 2713 701 2778 lt.
727 2715 877 2797 Aguedo,
907 2729 942 2780 et
960 2715 1038 2777 urbe
1058 2717 1233 2779 Aeminium
1252 2717 1352 2797 epod*

300 2813 440 2880 Ptolem.
462 2830 495 2886 fl.
518 2825 551 2894 5.
580 2816 614 2878 in
639 2816 894 2888 mediterroneie.
931 2813 985 2878 led
1008 2817 1162 2880 huonon
1185 2819 1344 2900 pertinet.¹

300 2913 371 2980 Nee
386 2927 470 2979 reete
485 2929 577 2980 notet
592 2916 795 2990 Hrrduioue,
823 2915 943 2980 Melum
956 2915 1131 2980 conludiile
1151 2931 1345 3000 utrumque,

298 3015 483 3102 Appitnum
512 3015 692 3084 distinxiile.
753 3019 794 3082 At
820 3019 854 3080 ln
879 3019 1026 3102 Appiano
1050 3036 1117 3082 non
1142 3017 1244 3080 tolum
1269 3039 1346 3083 uon

298 3116 415 3204 legitur
438 3119 621 3191 Aeminiue.
657 3118 709 3182 led
731 3140 774 3181 ne
795 3119 934 3204 intelligi
955 3118 1088 3200 quidem
1110 3118 1229 3203 potest,
1262 3140 1346 3184 eum

297 3217 380 3282 ultre
395 3217 534 3284 Durium
550 3220 595 3282 lbi
617 3219 792 3306 progreilue
808 3221 844 3281 fit
861 3220 980 3282 Brutus
994 3221 1033 3282 od
1048 3220 1197 3284 Bremroo
1214 3223 1249 3282 in
1265 3241 1346 3285 eom

296 3321 484 3406 regionem,
510 3319 567 3383 ubi
584 3322 825 3386 commemorrti
846 3321 893 3382 illi
914 3320 1065 3383 haetenus
1081 3321 1173 3383 liuvii
1193 3342 1346 3386 excurre·

297 3419 386 3486 bant.
438 3423 526 3484 Tum
551 3420 607 3486 lec.
629 3423 800 3486 Varronem
821 3421 906 3504 apud
928 3421 1068 3483 Plinium
1092 3423 1260 3486 Aeminius
1280 3425 1346 3490 CC

298 3519 347 3586 M.
373 3520 410 3588 P.
433 3543 449 3585 ι
475 3521 579 3586 Minio
601 3522 718 3586 uberat.
785 3521 930 3584 Minium
955 3540 1049 3605 porro
1070 3520 1159 3585 inille
1180 3515 1256 3608 ὅρον
1280 3529 1347 3612 τῆς

295 3611 448 3712 Βρούτου
471 3621 643 3714 στρατείας
666 3621 779 3686 diserte
802 3623 881 3684 dicit
895 3622 1026 3694 Strabo,
1060 3642 1134 3685 cum
1150 3624 1349 3692 Obliuionis

295 3723 352 3786 llle
380 3723 517 3788 fluvium
552 3725 676 3808 primur
704 3721 883 3807 iuperellet.
914 3735 952 3783 ut
979 3723 1108 3786 tradunt
1136 3725 1346 3803 Plutarchus,

296 3821 410 3888 Liviue
433 3837 467 3887 et
486 3825 539 3886 elii
558 3845 585 3888 e.
601 3846 628 3888 c.
646 3824 667 3888 l.
683 3823 704 3888 l.
762 3823 946 3887 Aeminium
971 3837 1079 3886 eutem
1099 3839 1172 3890 ente
1195 3827 1344 3892 Brutum

294 3925 434 3990 Romani
451 3925 598 3990 treiecille
614 3927 781 3998 videntur,
807 3926 924 4008 quippe
940 3926 996 4005 qui
1012 3927 1075 3987 iam
1093 3928 1150 3988 diu
1165 3929 1284 3991 abhinc
1304 3935 1344 3994 in

295 4026 441 4090 Vecereie
459 4045 509 4090 ree
524 4027 688 4112 geilemnt.
741 4025 861 4090 Brutue
875 4037 982 4088 nutem
1001 4026 1041 4087 ed
1059 4027 1203 4090 occasum
1224 4029 1344 4096 versuo

294 4125 461 4194 Oceenum
485 4130 670 4204 contendit,
703 4139 737 4191 et
757 4128 880 4211 primue
898 4143 999 4210 utque
1018 4145 1057 4192 oo
1074 4131 1242 4215 regionem
1255 4152 1343 4216 ¹per-
