<?xml version="1.0" encoding="UTF-8"?>
<!DOCTYPE html PUBLIC "-//W3C//DTD XHTML 1.0 Transitional//EN"
    "http://www.w3.org/TR/xhtml1/DTD/xhtml1-transitional.dtd">
<html xmlns="http://www.w3.org/1999/xhtml" xml:lang="en" lang="en">
 <head>
  <title>
</title>
<meta http-equiv="Content-Type" content="text/html;charset=utf-8" />
  <meta name='ocr-system' content='tesseract 3.04.00' />
  <meta name='ocr-capabilities' content='ocr_page ocr_carea ocr_par ocr_line ocrx_word'/>
</head>
<body>
  <div class='ocr_page' id='page_1' title='image "./pomponiimelaede03melagoog_0075.png"; bbox 0 0 2748 4888; ppageno 0'>
   <div class='ocr_carea' id='block_1_1' title="bbox 182 395 1095 481">
    <p class='ocr_par' dir='ltr' id='par_1_1' title="bbox 182 395 1095 481">
     <span class='ocr_line' id='line_1_1' title="bbox 182 395 1095 481; baseline -0.002 -23"><span class='ocrx_word' id='word_1_1' title='bbox 182 401 236 460; x_wconf 81' lang='grc' dir='ltr'>ιιι</span> <span class='ocrx_word' id='word_1_2' title='bbox 264 400 399 461; x_wconf 77' lang='lat' dir='ltr'>rome.</span> <span class='ocrx_word' id='word_1_3' title='bbox 429 401 536 458; x_wconf 81' lang='lat' dir='ltr'>ruat.</span> <span class='ocrx_word' id='word_1_4' title='bbox 576 399 686 458; x_wconf 73' lang='lat' dir='ltr'>Lm</span> <span class='ocrx_word' id='word_1_5' title='bbox 730 399 825 458; x_wconf 76' lang='lat' dir='ltr'>nn.</span> <span class='ocrx_word' id='word_1_6' title='bbox 867 397 947 472; x_wconf 63' lang='grc' dir='ltr'>ιφ.</span> <span class='ocrx_word' id='word_1_7' title='bbox 1052 395 1095 481; x_wconf 71' lang='lat' dir='ltr'>a,</span> 
     </span>
    </p>
   </div>
   <div class='ocr_carea' id='block_1_2' title="bbox 1 563 1093 2063">
    <p class='ocr_par' dir='ltr' id='par_1_2' title="bbox 1 563 1092 763">
     <span class='ocr_line' id='line_1_2' title="bbox 1 563 1092 660; baseline 0.001 -21"><span class='ocrx_word' id='word_1_8' title='bbox 1 563 2 650; x_wconf 55' lang='lat' dir='ltr'>t</span> <span class='ocrx_word' id='word_1_9' title='bbox 41 577 228 648; x_wconf 80' lang='lat' dir='ltr'>Santones.</span> <span class='ocrx_word' id='word_1_10' title='bbox 254 576 433 656; x_wconf 81' lang='lat' dir='ltr'>Bituriges.</span> <span class='ocrx_word' id='word_1_11' title='bbox 457 575 634 660; x_wconf 78' lang='lat' dir='ltr'>postremae</span> <span class='ocrx_word' id='word_1_12' title='bbox 655 575 754 640; x_wconf 81' lang='lat' dir='ltr'>etiam</span> <span class='ocrx_word' id='word_1_13' title='bbox 774 575 926 660; x_wconf 81' lang='lat' dir='ltr'>deincepa</span> <span class='ocrx_word' id='word_1_14' title='bbox 943 575 1092 640; x_wconf 78' lang='lat' dir='ltr'>Santoni·</span> 
     </span>
     <span class='ocr_line' id='line_1_3' title="bbox 40 675 1092 763; baseline 0.003 -23"><span class='ocrx_word' id='word_1_15' title='bbox 40 679 105 741; x_wconf 78' lang='lat' dir='ltr'>bue</span> <span class='ocrx_word' id='word_1_16' title='bbox 131 677 298 763; x_wconf 75' lang='lat' dir='ltr'>subiungit</span> <span class='ocrx_word' id='word_1_17' title='bbox 318 678 401 740; x_wconf 80' lang='lat' dir='ltr'>uun.</span> <span class='ocrx_word' id='word_1_18' title='bbox 417 689 451 758; x_wconf 73' lang='lat'><strong>4.</strong></span> <span class='ocrx_word' id='word_1_19' title='bbox 471 693 528 758; x_wconf 79' lang='lat'><strong>53.</strong></span> <span class='ocrx_word' id='word_1_20' title='bbox 552 677 573 740; x_wconf 80' lang='lat' dir='ltr'><strong>f.</strong></span> <span class='ocrx_word' id='word_1_21' title='bbox 597 696 652 758; x_wconf 80' lang='lat'>19.</span> <span class='ocrx_word' id='word_1_22' title='bbox 711 675 788 739; x_wconf 87' lang='lat' dir='ltr'>Non</span> <span class='ocrx_word' id='word_1_23' title='bbox 816 679 913 763; x_wconf 78' lang='lat' dir='ltr'>igitur</span> <span class='ocrx_word' id='word_1_24' title='bbox 938 680 971 742; x_wconf 81' lang='lat' dir='ltr'>in</span> <span class='ocrx_word' id='word_1_25' title='bbox 1004 692 1092 744; x_wconf 82' lang='lat' dir='ltr'>tanto</span> 
     </span>
    </p>

    <p class='ocr_par' dir='ltr' id='par_1_3' title="bbox 1 777 1093 2063">
     <span class='ocr_line' id='line_1_4' title="bbox 1 777 1093 867; baseline 0.004 -27"><span class='ocrx_word' id='word_1_26' title='bbox 1 837 2 840; x_wconf 74' lang='grc'>,</span> <span class='ocrx_word' id='word_1_27' title='bbox 41 793 218 843; x_wconf 83' lang='lat' dir='ltr'>auctorum</span> <span class='ocrx_word' id='word_1_28' title='bbox 245 777 398 842; x_wconf 77' lang='lat' dir='ltr'>consensu</span> <span class='ocrx_word' id='word_1_29' title='bbox 426 783 553 862; x_wconf 82' lang='lat' dir='ltr'>proprie</span> <span class='ocrx_word' id='word_1_30' title='bbox 576 793 610 842; x_wconf 87' lang='lat' dir='ltr'>et</span> <span class='ocrx_word' id='word_1_31' title='bbox 631 779 842 864; x_wconf 74' lang='lat' dir='ltr'>geogrephice</span> <span class='ocrx_word' id='word_1_32' title='bbox 862 780 1093 867; x_wconf 76' lang='lat' dir='ltr'>intelligendua</span> 
     </span>
     <span class='ocr_line' id='line_1_5' title="bbox 39 879 1091 954; baseline 0.003 -10"><span class='ocrx_word' id='word_1_33' title='bbox 39 883 180 944; x_wconf 76' lang='lat' dir='ltr'>ridetur</span> <span class='ocrx_word' id='word_1_34' title='bbox 202 882 263 943; x_wconf 85' lang='lat' dir='ltr'><strong>lul.</strong></span> <span class='ocrx_word' id='word_1_35' title='bbox 288 879 377 944; x_wconf 83' lang='lat' dir='ltr'>Caes.</span> <span class='ocrx_word' id='word_1_36' title='bbox 397 880 438 943; x_wconf 87' lang='lat' dir='ltr'>da</span> <span class='ocrx_word' id='word_1_37' title='bbox 463 883 500 943; x_wconf 85' lang='lat' dir='ltr'><strong>B.</strong></span> <span class='ocrx_word' id='word_1_38' title='bbox 527 881 568 944; x_wconf 85' lang='lat' dir='ltr'><strong>G.</strong></span> <span class='ocrx_word' id='word_1_39' title='bbox 596 902 626 952; x_wconf 87' lang='lat' dir='ltr'>r.</span> <span class='ocrx_word' id='word_1_40' title='bbox 652 901 707 944; x_wconf 88' lang='grc' dir='ltr'>ιο.</span> <span class='ocrx_word' id='word_1_41' title='bbox 734 883 780 943; x_wconf 84' lang='lat' dir='ltr'>in.</span> <span class='ocrx_word' id='word_1_42' title='bbox 814 882 870 943; x_wconf 84' lang='lat' dir='ltr'>ubt</span> <span class='ocrx_word' id='word_1_43' title='bbox 895 882 991 954; x_wconf 80' lang='lat' dir='ltr'><strong>dicit.</strong></span> <span class='ocrx_word' id='word_1_44' title='bbox 1025 904 1091 946; x_wconf 81' lang='lat' dir='ltr'>utut</span> 
     </span>
     <span class='ocr_line' id='line_1_6' title="bbox 39 973 1089 1074; baseline 0.001 -28"><span class='ocrx_word' id='word_1_45' title='bbox 39 984 140 1064; x_wconf 74' lang='lat' dir='ltr'>louge</span> <span class='ocrx_word' id='word_1_46' title='bbox 164 1005 190 1044; x_wconf 80' lang='lat' dir='ltr'><em>a</em></span> <span class='ocrx_word' id='word_1_47' title='bbox 216 975 409 1074; x_wconf 76' lang='lat' dir='ltr'><em>Tolosatium</em></span> <span class='ocrx_word' id='word_1_48' title='bbox 430 980 553 1074; x_wconf 80' lang='lat' dir='ltr'>finibus</span> <span class='ocrx_word' id='word_1_49' title='bbox 578 973 694 1071; x_wconf 80' lang='lat' dir='ltr'>abeffe.</span> <span class='ocrx_word' id='word_1_50' title='bbox 728 1002 810 1065; x_wconf 87' lang='lat' dir='ltr'>quae</span> <span class='ocrx_word' id='word_1_51' title='bbox 843 985 956 1047; x_wconf 78' lang='lat' dir='ltr'>civitae</span> <span class='ocrx_word' id='word_1_52' title='bbox 984 984 1028 1047; x_wconf 76' lang='lat' dir='ltr'>est</span> <span class='ocrx_word' id='word_1_53' title='bbox 1053 985 1089 1048; x_wconf 81' lang='lat' dir='ltr'>iu</span> 
     </span>
     <span class='ocr_line' id='line_1_7' title="bbox 38 1083 1090 1166; baseline 0.001 -18"><span class='ocrx_word' id='word_1_54' title='bbox 38 1085 238 1155; x_wconf 80' lang='lat' dir='ltr'>Provincia.</span> <span class='ocrx_word' id='word_1_55' title='bbox 267 1103 326 1146; x_wconf 86' lang='lat' dir='ltr'>nec</span> <span class='ocrx_word' id='word_1_56' title='bbox 343 1103 425 1166; x_wconf 83' lang='lat' dir='ltr'>opua</span> <span class='ocrx_word' id='word_1_57' title='bbox 440 1085 482 1146; x_wconf 79' lang='lat' dir='ltr'>est</span> <span class='ocrx_word' id='word_1_58' title='bbox 505 1086 730 1166; x_wconf 75' lang='lat' dir='ltr'>explicatione.</span> <span class='ocrx_word' id='word_1_59' title='bbox 755 1103 848 1165; x_wconf 89' lang='lat' dir='ltr'>quam</span> <span class='ocrx_word' id='word_1_60' title='bbox 872 1083 973 1148; x_wconf 77' lang='lat' dir='ltr'>adfert</span> <span class='ocrx_word' id='word_1_61' title='bbox 992 1087 1090 1148; x_wconf 76' lang='lat' dir='ltr'>utn-</span> 
     </span>
     <span class='ocr_line' id='line_1_8' title="bbox 40 1184 1089 1270; baseline 0.002 -22"><span class='ocrx_word' id='word_1_62' title='bbox 40 1187 123 1248; x_wconf 82' lang='lat' dir='ltr'>ville</span> <span class='ocrx_word' id='word_1_63' title='bbox 139 1207 175 1268; x_wconf 86' lang='lat' dir='ltr'><strong>p.</strong></span> <span class='ocrx_word' id='word_1_64' title='bbox 192 1185 276 1262; x_wconf 79' lang='lat'><strong>576.</strong></span> <span class='ocrx_word' id='word_1_65' title='bbox 291 1205 319 1247; x_wconf 84' lang='lat' dir='ltr'><strong>c.</strong></span> <span class='ocrx_word' id='word_1_66' title='bbox 336 1184 358 1246; x_wconf 93' lang='lat' dir='ltr'><strong>l.</strong></span> <span class='ocrx_word' id='word_1_67' title='bbox 385 1205 446 1265; x_wconf 87' lang='lat' dir='ltr'>qua</span> <span class='ocrx_word' id='word_1_68' title='bbox 467 1187 600 1268; x_wconf 86' lang='lat' dir='ltr'>probare</span> <span class='ocrx_word' id='word_1_69' title='bbox 617 1187 742 1255; x_wconf 85' lang='lat' dir='ltr'>nititur.</span> <span class='ocrx_word' id='word_1_70' title='bbox 766 1205 883 1270; x_wconf 73' lang='lat' dir='ltr'>pagum</span> <span class='ocrx_word' id='word_1_71' title='bbox 900 1185 1089 1251; x_wconf 72' lang='lat' dir='ltr'>Atanenfem</span> 
     </span>
     <span class='ocr_line' id='line_1_9' title="bbox 40 1286 1088 1370; baseline 0.002 -20"><span class='ocrx_word' id='word_1_72' title='bbox 40 1289 82 1350; x_wconf 83' lang='lat' dir='ltr'>ad</span> <span class='ocrx_word' id='word_1_73' title='bbox 100 1289 263 1348; x_wconf 71' lang='lat' dir='ltr'>Santones</span> <span class='ocrx_word' id='word_1_74' title='bbox 280 1289 360 1350; x_wconf 84' lang='lat' dir='ltr'>olim</span> <span class='ocrx_word' id='word_1_75' title='bbox 383 1288 417 1348; x_wconf 85' lang='lat' dir='ltr'>in</span> <span class='ocrx_word' id='word_1_76' title='bbox 435 1287 530 1349; x_wconf 82' lang='lat' dir='ltr'>rebua</span> <span class='ocrx_word' id='word_1_77' title='bbox 549 1286 758 1350; x_wconf 79' lang='lat' dir='ltr'>ecclesrasticit</span> <span class='ocrx_word' id='word_1_78' title='bbox 778 1286 972 1370; x_wconf 70' lang='lat' dir='ltr'>pontumue.</span> <span class='ocrx_word' id='word_1_79' title='bbox 999 1291 1088 1352; x_wconf 84' lang='lat' dir='ltr'>Vala-</span> 
     </span>
     <span class='ocr_line' id='line_1_10' title="bbox 39 1386 1087 1474; baseline 0.001 -23"><span class='ocrx_word' id='word_1_80' title='bbox 39 1391 103 1451; x_wconf 83' lang='lat' dir='ltr'>fiua</span> <span class='ocrx_word' id='word_1_81' title='bbox 128 1409 201 1474; x_wconf 86' lang='lat' dir='ltr'><strong>pag.</strong></span> <span class='ocrx_word' id='word_1_82' title='bbox 216 1401 302 1466; x_wconf 78' lang='lat'><strong>502.</strong></span> <span class='ocrx_word' id='word_1_83' title='bbox 328 1391 371 1450; x_wconf 85' lang='lat' dir='ltr'>ita</span> <span class='ocrx_word' id='word_1_84' title='bbox 393 1386 555 1452; x_wconf 75' lang='lat' dir='ltr'>Caesarem</span> <span class='ocrx_word' id='word_1_85' title='bbox 578 1403 703 1460; x_wconf 85' lang='lat' dir='ltr'>tuetur.</span> <span class='ocrx_word' id='word_1_86' title='bbox 738 1402 860 1452; x_wconf 85' lang='lat' dir='ltr'>utnon</span> <span class='ocrx_word' id='word_1_87' title='bbox 885 1389 977 1472; x_wconf 73' lang='lat' dir='ltr'>longe</span> <span class='ocrx_word' id='word_1_88' title='bbox 1002 1389 1087 1474; x_wconf 83' lang='lat' dir='ltr'>apud</span> 
     </span>
     <span class='ocr_line' id='line_1_11' title="bbox 40 1489 1084 1574; baseline 0.004 -22"><span class='ocrx_word' id='word_1_89' title='bbox 40 1493 138 1552; x_wconf 78' lang='lat' dir='ltr'>illum</span> <span class='ocrx_word' id='word_1_90' title='bbox 164 1491 319 1574; x_wconf 78' lang='lat' dir='ltr'>fignificat</span> <span class='ocrx_word' id='word_1_91' title='bbox 341 1489 446 1562; x_wconf 85' lang='lat' dir='ltr'>idem.</span> <span class='ocrx_word' id='word_1_92' title='bbox 472 1491 558 1572; x_wconf 86' lang='lat' dir='ltr'>quod</span> <span class='ocrx_word' id='word_1_93' title='bbox 579 1510 642 1552; x_wconf 86' lang='lat' dir='ltr'>uon</span> <span class='ocrx_word' id='word_1_94' title='bbox 659 1491 710 1552; x_wconf 81' lang='lat' dir='ltr'>ita</span> <span class='ocrx_word' id='word_1_95' title='bbox 732 1489 832 1570; x_wconf 76' lang='lat' dir='ltr'>lunge.</span> <span class='ocrx_word' id='word_1_96' title='bbox 870 1491 995 1554; x_wconf 74' lang='lat' dir='ltr'>Ptintur</span> <span class='ocrx_word' id='word_1_97' title='bbox 1012 1512 1040 1556; x_wconf 86' lang='lat' dir='ltr'><strong>c.</strong></span> <span class='ocrx_word' id='word_1_98' title='bbox 1061 1493 1084 1556; x_wconf 81' lang='grc' dir='ltr'>Ι.</span> 
     </span>
     <span class='ocr_line' id='line_1_12' title="bbox 38 1591 1086 1656; baseline 0.001 -1"><span class='ocrx_word' id='word_1_99' title='bbox 38 1591 154 1655; x_wconf 75' lang='lat' dir='ltr'>tuem</span> <span class='ocrx_word' id='word_1_100' title='bbox 174 1607 280 1654; x_wconf 82' lang='lat' dir='ltr'>vocat.</span> <span class='ocrx_word' id='word_1_101' title='bbox 331 1591 596 1654; x_wconf 86' lang='lat' dir='ltr'>Commemorant</span> <span class='ocrx_word' id='word_1_102' title='bbox 618 1603 725 1654; x_wconf 84' lang='lat' dir='ltr'>autem</span> <span class='ocrx_word' id='word_1_103' title='bbox 749 1592 883 1653; x_wconf 78' lang='lat' dir='ltr'>nuncin</span> <span class='ocrx_word' id='word_1_104' title='bbox 907 1591 969 1654; x_wconf 83' lang='lat' dir='ltr'>hoc</span> <span class='ocrx_word' id='word_1_105' title='bbox 984 1606 1086 1656; x_wconf 83' lang='lat' dir='ltr'>tractu</span> 
     </span>
     <span class='ocr_line' id='line_1_13' title="bbox 40 1691 1085 1778; baseline 0.003 -24"><span class='ocrx_word' id='word_1_106' title='bbox 40 1707 178 1777; x_wconf 82' lang='lat' dir='ltr'>pontem</span> <span class='ocrx_word' id='word_1_107' title='bbox 198 1693 337 1754; x_wconf 75' lang='lat' dir='ltr'>Romani</span> <span class='ocrx_word' id='word_1_108' title='bbox 354 1697 456 1774; x_wconf 78' lang='lat' dir='ltr'>operia</span> <span class='ocrx_word' id='word_1_109' title='bbox 472 1693 648 1778; x_wconf 79' lang='lat' dir='ltr'>egregium.</span> <span class='ocrx_word' id='word_1_110' title='bbox 700 1691 780 1752; x_wconf 85' lang='lat' dir='ltr'>lude</span> <span class='ocrx_word' id='word_1_111' title='bbox 797 1712 873 1756; x_wconf 81' lang='lat' dir='ltr'>vero</span> <span class='ocrx_word' id='word_1_112' title='bbox 891 1693 1085 1757; x_wconf 72' lang='lat' dir='ltr'>Stratonicus</span> 
     </span>
     <span class='ocr_line' id='line_1_14' title="bbox 41 1791 1083 1877; baseline 0.001 -19"><span class='ocrx_word' id='word_1_113' title='bbox 41 1798 229 1864; x_wconf 80' lang='lat' dir='ltr'>derivatur.</span> <span class='ocrx_word' id='word_1_114' title='bbox 260 1796 344 1875; x_wconf 86' lang='lat' dir='ltr'>quod</span> <span class='ocrx_word' id='word_1_115' title='bbox 367 1791 476 1876; x_wconf 84' lang='lat' dir='ltr'>paffim</span> <span class='ocrx_word' id='word_1_116' title='bbox 497 1795 650 1864; x_wconf 80' lang='lat' dir='ltr'>occurrit,</span> <span class='ocrx_word' id='word_1_117' title='bbox 683 1806 720 1854; x_wconf 87' lang='lat' dir='ltr'>ut</span> <span class='ocrx_word' id='word_1_118' title='bbox 741 1793 826 1876; x_wconf 80' lang='lat' dir='ltr'>apud</span> <span class='ocrx_word' id='word_1_119' title='bbox 850 1792 969 1858; x_wconf 75' lang='lat' dir='ltr'>tuton.</span> <span class='ocrx_word' id='word_1_120' title='bbox 993 1794 1083 1877; x_wconf 76' lang='lat' dir='ltr'>epist.</span> 
     </span>
     <span class='ocr_line' id='line_1_15' title="bbox 45 1893 1084 1980; baseline 0.002 -22"><span class='ocrx_word' id='word_1_121' title='bbox 45 1907 98 1976; x_wconf 71' lang='lat'>²4</span> <span class='ocrx_word' id='word_1_122' title='bbox 115 1899 166 1960; x_wconf 87' lang='lat' dir='ltr'>in.</span> <span class='ocrx_word' id='word_1_123' title='bbox 197 1896 489 1978; x_wconf 78' lang='lat' dir='ltr'><strong>luvenal.8.145.</strong></span> <span class='ocrx_word' id='word_1_124' title='bbox 514 1917 533 1958; x_wconf 87' lang='lat' dir='ltr'><em>o</em></span> <span class='ocrx_word' id='word_1_125' title='bbox 555 1907 713 1980; x_wconf 80' lang='lat' dir='ltr'>correpto,</span> <span class='ocrx_word' id='word_1_126' title='bbox 739 1893 793 1958; x_wconf 82' lang='lat' dir='ltr'>etfi</span> <span class='ocrx_word' id='word_1_127' title='bbox 816 1896 966 1978; x_wconf 79' lang='lat' dir='ltr'><strong>producit</strong></span> <span class='ocrx_word' id='word_1_128' title='bbox 985 1897 1084 1960; x_wconf 81' lang='lat' dir='ltr'>etiam</span> 
     </span>
     <span class='ocr_line' id='line_1_16' title="bbox 39 1996 510 2063; baseline -0.002 0"><span class='ocrx_word' id='word_1_129' title='bbox 39 1996 160 2063; x_wconf 78' lang='lat' dir='ltr'>tuton.</span> <span class='ocrx_word' id='word_1_130' title='bbox 185 1998 220 2058; x_wconf 87' lang='lat' dir='ltr'>in</span> <span class='ocrx_word' id='word_1_131' title='bbox 237 1997 391 2060; x_wconf 83' lang='lat' dir='ltr'>Parental.</span> <span class='ocrx_word' id='word_1_132' title='bbox 413 2012 470 2062; x_wconf 75' lang='lat' dir='ltr'>ur.</span> <span class='ocrx_word' id='word_1_133' title='bbox 487 1997 510 2062; x_wconf 82' lang='lat' dir='ltr'><strong>f.</strong></span> 
     </span>
    </p>
   </div>
   <div class='ocr_carea' id='block_1_3' title="bbox 1 2192 1083 4212">
    <p class='ocr_par' dir='ltr' id='par_1_4' title="bbox 36 2192 1082 3699">
     <span class='ocr_line' id='line_1_17' title="bbox 112 2192 1082 2293; baseline 0.003 -29"><span class='ocrx_word' id='word_1_134' title='bbox 112 2192 344 2293; x_wconf 68' lang='lat' dir='ltr'>osismios)</span> <span class='ocrx_word' id='word_1_135' title='bbox 370 2202 417 2262; x_wconf 86' lang='lat' dir='ltr'>De</span> <span class='ocrx_word' id='word_1_136' title='bbox 432 2199 585 2264; x_wconf 75' lang='lat' dir='ltr'>scribendi</span> <span class='ocrx_word' id='word_1_137' title='bbox 598 2201 749 2265; x_wconf 70' lang='lat' dir='ltr'>venerate</span> <span class='ocrx_word' id='word_1_138' title='bbox 765 2197 805 2263; x_wconf 78' lang='lat' dir='ltr'><strong>cf.</strong></span> <span class='ocrx_word' id='word_1_139' title='bbox 817 2213 886 2264; x_wconf 86' lang='lat' dir='ltr'>not.</span> <span class='ocrx_word' id='word_1_140' title='bbox 896 2202 965 2264; x_wconf 77' lang='lat' dir='ltr'>crit.</span> <span class='ocrx_word' id='word_1_141' title='bbox 976 2221 1010 2286; x_wconf 87' lang='lat' dir='ltr'><strong>p.</strong></span> <span class='ocrx_word' id='word_1_142' title='bbox 1020 2210 1082 2278; x_wconf 77' lang='lat'><strong>80.</strong></span> 
     </span>
     <span class='ocr_line' id='line_1_18' title="bbox 39 2301 1082 2388; baseline 0 -21"><span class='ocrx_word' id='word_1_143' title='bbox 39 2306 147 2388; x_wconf 73' lang='lat' dir='ltr'>Vulgo</span> <span class='ocrx_word' id='word_1_144' title='bbox 169 2303 234 2363; x_wconf 82' lang='lat' dir='ltr'>illie</span> <span class='ocrx_word' id='word_1_145' title='bbox 256 2302 404 2362; x_wconf 79' lang='lat' dir='ltr'>tribuunt</span> <span class='ocrx_word' id='word_1_146' title='bbox 429 2303 682 2384; x_wconf 69' lang='lat' dir='ltr'>septemtrionale</span> <span class='ocrx_word' id='word_1_147' title='bbox 705 2304 781 2366; x_wconf 84' lang='lat' dir='ltr'>litua</span> <span class='ocrx_word' id='word_1_148' title='bbox 797 2303 980 2366; x_wconf 75' lang='lat' dir='ltr'>Britanniae</span> <span class='ocrx_word' id='word_1_149' title='bbox 1000 2301 1082 2367; x_wconf 79' lang='lat' dir='ltr'>infe·</span> 
     </span>
     <span class='ocr_line' id='line_1_19' title="bbox 38 2404 1082 2486; baseline 0 -20"><span class='ocrx_word' id='word_1_150' title='bbox 38 2408 142 2467; x_wconf 75' lang='lat' dir='ltr'>nuria.</span> <span class='ocrx_word' id='word_1_151' title='bbox 200 2407 242 2464; x_wconf 77' lang='lat' dir='ltr'>At</span> <span class='ocrx_word' id='word_1_152' title='bbox 266 2423 376 2464; x_wconf 84' lang='lat' dir='ltr'>eontra</span> <span class='ocrx_word' id='word_1_153' title='bbox 406 2404 570 2466; x_wconf 80' lang='lat' dir='ltr'>d’Anville</span> <span class='ocrx_word' id='word_1_154' title='bbox 593 2425 625 2486; x_wconf 85' lang='lat' dir='ltr'><strong>p.</strong></span> <span class='ocrx_word' id='word_1_155' title='bbox 652 2416 736 2483; x_wconf 75' lang='lat'><strong>508.</strong></span> <span class='ocrx_word' id='word_1_156' title='bbox 757 2407 941 2476; x_wconf 84' lang='lat' dir='ltr'>contendit.</span> <span class='ocrx_word' id='word_1_157' title='bbox 973 2417 1082 2467; x_wconf 83' lang='lat' dir='ltr'>totum</span> 
     </span>
     <span class='ocr_line' id='line_1_20' title="bbox 38 2503 1082 2586; baseline -0.001 -19"><span class='ocrx_word' id='word_1_158' title='bbox 38 2507 120 2567; x_wconf 87' lang='lat' dir='ltr'>illud</span> <span class='ocrx_word' id='word_1_159' title='bbox 143 2508 242 2575; x_wconf 84' lang='lat' dir='ltr'>litua.</span> <span class='ocrx_word' id='word_1_160' title='bbox 268 2525 329 2586; x_wconf 80' lang='lat' dir='ltr'>qua</span> <span class='ocrx_word' id='word_1_161' title='bbox 354 2521 455 2586; x_wconf 86' lang='lat' dir='ltr'>patet,</span> <span class='ocrx_word' id='word_1_162' title='bbox 482 2505 629 2577; x_wconf 80' lang='lat' dir='ltr'>tenuiffe.</span> <span class='ocrx_word' id='word_1_163' title='bbox 658 2509 699 2567; x_wconf 83' lang='lat' dir='ltr'>ita</span> <span class='ocrx_word' id='word_1_164' title='bbox 716 2519 752 2566; x_wconf 90' lang='lat' dir='ltr'>ut</span> <span class='ocrx_word' id='word_1_165' title='bbox 774 2503 931 2568; x_wconf 80' lang='lat' dir='ltr'>dioecefea</span> <span class='ocrx_word' id='word_1_166' title='bbox 950 2503 1082 2567; x_wconf 82' lang='lat' dir='ltr'>urbium</span> 
     </span>
     <span class='ocr_line' id='line_1_21' title="bbox 39 2605 1080 2691; baseline 0 -23"><span class='ocrx_word' id='word_1_167' title='bbox 39 2609 205 2691; x_wconf 84' lang='lat' dir='ltr'>Quinrper</span> <span class='ocrx_word' id='word_1_168' title='bbox 220 2619 253 2666; x_wconf 89' lang='lat' dir='ltr'>et</span> <span class='ocrx_word' id='word_1_169' title='bbox 272 2607 360 2668; x_wconf 76' lang='lat' dir='ltr'>Leon</span> <span class='ocrx_word' id='word_1_170' title='bbox 376 2607 414 2666; x_wconf 85' lang='lat' dir='ltr'>ad</span> <span class='ocrx_word' id='word_1_171' title='bbox 431 2608 583 2670; x_wconf 76' lang='lat' dir='ltr'>Oliemioe</span> <span class='ocrx_word' id='word_1_172' title='bbox 604 2605 711 2671; x_wconf 81' lang='lat' dir='ltr'>referri</span> <span class='ocrx_word' id='word_1_173' title='bbox 728 2605 875 2669; x_wconf 85' lang='lat' dir='ltr'>debeant.</span> <span class='ocrx_word' id='word_1_174' title='bbox 910 2605 1080 2690; x_wconf 84' lang='lat' dir='ltr'>Oppidum</span> 
     </span>
     <span class='ocr_line' id='line_1_22' title="bbox 36 2707 1080 2790; baseline 0.001 -21"><span class='ocrx_word' id='word_1_175' title='bbox 36 2711 168 2770; x_wconf 72' lang='lat' dir='ltr'>tuorum</span> <span class='ocrx_word' id='word_1_176' title='bbox 192 2707 410 2788; x_wconf 78' lang='lat' dir='ltr'>Vorganium,</span> <span class='ocrx_word' id='word_1_177' title='bbox 435 2711 519 2790; x_wconf 89' lang='lat' dir='ltr'>quod</span> <span class='ocrx_word' id='word_1_178' title='bbox 540 2721 697 2770; x_wconf 83' lang='lat' dir='ltr'>memorat</span> <span class='ocrx_word' id='word_1_179' title='bbox 712 2709 851 2770; x_wconf 86' lang='lat' dir='ltr'>Ptolem.</span> <span class='ocrx_word' id='word_1_180' title='bbox 872 2725 903 2778; x_wconf 76' lang='lat' dir='ltr'>a.</span> <span class='ocrx_word' id='word_1_181' title='bbox 917 2719 951 2786; x_wconf 76' lang='lat'><strong>8.</strong></span> <span class='ocrx_word' id='word_1_182' title='bbox 984 2710 1080 2770; x_wconf 77' lang='lat' dir='ltr'><strong>d’An·</strong></span> 
     </span>
     <span class='ocr_line' id='line_1_23' title="bbox 39 2807 1081 2889; baseline 0.001 -17"><span class='ocrx_word' id='word_1_183' title='bbox 39 2813 113 2872; x_wconf 79' lang='lat' dir='ltr'>rille</span> <span class='ocrx_word' id='word_1_184' title='bbox 136 2829 230 2872; x_wconf 84' lang='lat' dir='ltr'>nunc</span> <span class='ocrx_word' id='word_1_185' title='bbox 248 2807 308 2869; x_wconf 81' lang='lat' dir='ltr'>effe</span> <span class='ocrx_word' id='word_1_186' title='bbox 329 2807 492 2870; x_wconf 79' lang='lat' dir='ltr'>arbitratur</span> <span class='ocrx_word' id='word_1_187' title='bbox 509 2809 664 2873; x_wconf 80' lang='lat' dir='ltr'>Carhur&#39;x.</span> <span class='ocrx_word' id='word_1_188' title='bbox 715 2811 819 2889; x_wconf 80' lang='lat' dir='ltr'>Atque</span> <span class='ocrx_word' id='word_1_189' title='bbox 835 2811 877 2871; x_wconf 76' lang='lat' dir='ltr'>lta</span> <span class='ocrx_word' id='word_1_190' title='bbox 894 2808 1081 2873; x_wconf 78' lang='lat' dir='ltr'>evanescere</span> 
     </span>
     <span class='ocr_line' id='line_1_24' title="bbox 40 2909 1078 2994; baseline 0.001 -22"><span class='ocrx_word' id='word_1_191' title='bbox 40 2913 117 2972; x_wconf 82' lang='lat' dir='ltr'>dicit</span> <span class='ocrx_word' id='word_1_192' title='bbox 142 2909 399 2981; x_wconf 78' lang='lat' dir='ltr'>dubitationem.</span> <span class='ocrx_word' id='word_1_193' title='bbox 433 2931 513 2992; x_wconf 88' lang='lat' dir='ltr'>quae</span> <span class='ocrx_word' id='word_1_194' title='bbox 539 2924 746 2994; x_wconf 85' lang='lat' dir='ltr'>occupaverat</span> <span class='ocrx_word' id='word_1_195' title='bbox 773 2910 927 2973; x_wconf 82' lang='lat' dir='ltr'>Valesrum</span> <span class='ocrx_word' id='word_1_196' title='bbox 952 2911 986 2971; x_wconf 86' lang='lat' dir='ltr'>iu</span> <span class='ocrx_word' id='word_1_197' title='bbox 1008 2924 1078 2974; x_wconf 84' lang='lat' dir='ltr'>not.</span> 
     </span>
     <span class='ocr_line' id='line_1_25' title="bbox 41 3009 1080 3095; baseline -0.002 -21"><span class='ocrx_word' id='word_1_198' title='bbox 41 3013 121 3074; x_wconf 76' lang='lat' dir='ltr'>Gau.</span> <span class='ocrx_word' id='word_1_199' title='bbox 141 3035 174 3095; x_wconf 87' lang='lat' dir='ltr'><strong>p.</strong></span> <span class='ocrx_word' id='word_1_200' title='bbox 200 3023 283 3090; x_wconf 75' lang='lat'><strong>595.</strong></span> <span class='ocrx_word' id='word_1_201' title='bbox 306 3009 381 3086; x_wconf 79' lang='lat' dir='ltr'>(ubi</span> <span class='ocrx_word' id='word_1_202' title='bbox 395 3013 435 3074; x_wconf 88' lang='lat' dir='ltr'>de</span> <span class='ocrx_word' id='word_1_203' title='bbox 452 3013 539 3072; x_wconf 82' lang='lat' dir='ltr'>urbia</span> <span class='ocrx_word' id='word_1_204' title='bbox 555 3015 637 3074; x_wconf 77' lang='lat' dir='ltr'>varia</span> <span class='ocrx_word' id='word_1_205' title='bbox 656 3012 803 3095; x_wconf 73' lang='lat' dir='ltr'>[criptura</span> <span class='ocrx_word' id='word_1_206' title='bbox 818 3013 919 3072; x_wconf 88' lang='lat' dir='ltr'>multa</span> <span class='ocrx_word' id='word_1_207' title='bbox 935 3009 1080 3074; x_wconf 78' lang='lat' dir='ltr'>adserun-</span> 
     </span>
     <span class='ocr_line' id='line_1_26' title="bbox 40 3109 1080 3196; baseline 0 -20"><span class='ocrx_word' id='word_1_208' title='bbox 40 3119 109 3194; x_wconf 88' lang='lat' dir='ltr'>tnr)</span> <span class='ocrx_word' id='word_1_209' title='bbox 138 3115 200 3196; x_wconf 85' lang='lat' dir='ltr'>qui</span> <span class='ocrx_word' id='word_1_210' title='bbox 218 3111 302 3174; x_wconf 85' lang='lat' dir='ltr'>Mela</span> <span class='ocrx_word' id='word_1_211' title='bbox 324 3109 402 3174; x_wconf 75' lang='lat' dir='ltr'>intra</span> <span class='ocrx_word' id='word_1_212' title='bbox 425 3117 480 3190; x_wconf 81' lang='lat'>(3,</span> <span class='ocrx_word' id='word_1_213' title='bbox 496 3115 528 3182; x_wconf 80' lang='lat' dir='ltr'><strong>G.</strong></span> <span class='ocrx_word' id='word_1_214' title='bbox 547 3119 597 3192; x_wconf 81' lang='lat'><strong>3.)</strong></span> <span class='ocrx_word' id='word_1_215' title='bbox 618 3115 733 3178; x_wconf 82' lang='lat' dir='ltr'>Sanam</span> <span class='ocrx_word' id='word_1_216' title='bbox 756 3111 913 3175; x_wconf 73' lang='lat' dir='ltr'>ommim</span> <span class='ocrx_word' id='word_1_217' title='bbox 928 3113 1080 3176; x_wconf 77' lang='lat' dir='ltr'>litoribut</span> 
     </span>
     <span class='ocr_line' id='line_1_27' title="bbox 41 3213 1081 3298; baseline -0.003 -20"><span class='ocrx_word' id='word_1_218' title='bbox 41 3214 206 3278; x_wconf 74' lang='lat' dir='ltr'>adversam</span> <span class='ocrx_word' id='word_1_219' title='bbox 242 3215 342 3285; x_wconf 81' lang='lat' dir='ltr'>dicat,</span> <span class='ocrx_word' id='word_1_220' title='bbox 376 3234 449 3276; x_wconf 87' lang='lat' dir='ltr'>curn</span> <span class='ocrx_word' id='word_1_221' title='bbox 485 3228 600 3276; x_wconf 84' lang='lat' dir='ltr'>tractue</span> <span class='ocrx_word' id='word_1_222' title='bbox 626 3215 713 3276; x_wconf 76' lang='lat' dir='ltr'>urbia</span> <span class='ocrx_word' id='word_1_223' title='bbox 741 3215 901 3298; x_wconf 88' lang='lat' dir='ltr'>Quirnper</span> <span class='ocrx_word' id='word_1_224' title='bbox 927 3213 961 3274; x_wconf 75' lang='lat' dir='ltr'>in</span> <span class='ocrx_word' id='word_1_225' title='bbox 994 3231 1081 3276; x_wconf 77' lang='lat' dir='ltr'>mure</span> 
     </span>
     <span class='ocr_line' id='line_1_28' title="bbox 40 3313 1081 3402; baseline -0.001 -23"><span class='ocrx_word' id='word_1_226' title='bbox 40 3315 165 3402; x_wconf 75' lang='lat' dir='ltr'>fastigio</span> <span class='ocrx_word' id='word_1_227' title='bbox 184 3317 315 3378; x_wconf 82' lang='lat' dir='ltr'>excedat</span> <span class='ocrx_word' id='word_1_228' title='bbox 329 3327 363 3376; x_wconf 90' lang='lat' dir='ltr'>et</span> <span class='ocrx_word' id='word_1_229' title='bbox 385 3317 484 3377; x_wconf 83' lang='lat' dir='ltr'>canali</span> <span class='ocrx_word' id='word_1_230' title='bbox 500 3315 628 3400; x_wconf 76' lang='lat' dir='ltr'>angusto</span> <span class='ocrx_word' id='word_1_231' title='bbox 644 3314 687 3376; x_wconf 83' lang='lat' dir='ltr'>du</span> <span class='ocrx_word' id='word_1_232' title='bbox 704 3317 775 3378; x_wconf 73' lang='lat' dir='ltr'>flue</span> <span class='ocrx_word' id='word_1_233' title='bbox 797 3315 835 3375; x_wconf 84' lang='lat' dir='ltr'>ab</span> <span class='ocrx_word' id='word_1_234' title='bbox 858 3314 907 3376; x_wconf 78' lang='lat' dir='ltr'>illa</span> <span class='ocrx_word' id='word_1_235' title='bbox 926 3313 1081 3396; x_wconf 74' lang='lat' dir='ltr'>separatur</span> 
     </span>
     <span class='ocr_line' id='line_1_29' title="bbox 43 3414 1081 3499; baseline -0.002 -19"><span class='ocrx_word' id='word_1_236' title='bbox 43 3421 89 3482; x_wconf 80' lang='lat' dir='ltr'>fit.</span> <span class='ocrx_word' id='word_1_237' title='bbox 126 3417 252 3480; x_wconf 67' lang='lat' dir='ltr'>Plinius</span> <span class='ocrx_word' id='word_1_238' title='bbox 267 3427 301 3498; x_wconf 82' lang='lat'><strong>4.</strong></span> <span class='ocrx_word' id='word_1_239' title='bbox 321 3429 378 3496; x_wconf 78' lang='lat'><strong>32.</strong></span> <span class='ocrx_word' id='word_1_240' title='bbox 398 3416 418 3480; x_wconf 77' lang='lat' dir='ltr'><strong>f.</strong></span> <span class='ocrx_word' id='word_1_241' title='bbox 439 3427 493 3493; x_wconf 72' lang='grc' dir='ltr'>ιθ.</span> <span class='ocrx_word' id='word_1_242' title='bbox 515 3417 567 3478; x_wconf 84' lang='lat' dir='ltr'>hic</span> <span class='ocrx_word' id='word_1_243' title='bbox 588 3415 682 3479; x_wconf 83' lang='lat' dir='ltr'>habet</span> <span class='ocrx_word' id='word_1_244' title='bbox 699 3437 798 3498; x_wconf 80' lang='lat' dir='ltr'>paene</span> <span class='ocrx_word' id='word_1_245' title='bbox 814 3415 947 3478; x_wconf 78' lang='lat' dir='ltr'>insulam</span> <span class='ocrx_word' id='word_1_246' title='bbox 967 3414 1081 3499; x_wconf 82' lang='lat' dir='ltr'>[pecta-</span> 
     </span>
     <span class='ocr_line' id='line_1_30' title="bbox 44 3516 1080 3590; baseline -0.003 -10"><span class='ocrx_word' id='word_1_247' title='bbox 44 3523 179 3590; x_wconf 85' lang='lat' dir='ltr'>tiorem.</span> <span class='ocrx_word' id='word_1_248' title='bbox 206 3530 424 3581; x_wconf 85' lang='lat' dir='ltr'>excunentem</span> <span class='ocrx_word' id='word_1_249' title='bbox 443 3519 475 3578; x_wconf 84' lang='lat' dir='ltr'>in</span> <span class='ocrx_word' id='word_1_250' title='bbox 493 3516 656 3580; x_wconf 88' lang='lat' dir='ltr'>Oceanum</span> <span class='ocrx_word' id='word_1_251' title='bbox 674 3537 690 3578; x_wconf 83' lang='lat' dir='ltr'>a</span> <span class='ocrx_word' id='word_1_252' title='bbox 713 3519 775 3579; x_wconf 85' lang='lat' dir='ltr'>fine</span> <span class='ocrx_word' id='word_1_253' title='bbox 792 3518 1004 3579; x_wconf 75' lang='lat' dir='ltr'>Osumiorum</span> <span class='ocrx_word' id='word_1_254' title='bbox 1022 3518 1080 3578; x_wconf 82' lang='lat' dir='ltr'>cir·</span> 
     </span>
     <span class='ocr_line' id='line_1_31' title="bbox 45 3615 1078 3699; baseline 0 -17"><span class='ocrx_word' id='word_1_255' title='bbox 45 3623 132 3682; x_wconf 74' lang='lat' dir='ltr'>curru</span> <span class='ocrx_word' id='word_1_256' title='bbox 164 3622 238 3699; x_wconf 78' lang='lat'>626</span> <span class='ocrx_word' id='word_1_257' title='bbox 267 3615 314 3682; x_wconf 86' lang='lat' dir='ltr'><strong>M.</strong></span> <span class='ocrx_word' id='word_1_258' title='bbox 341 3619 378 3680; x_wconf 89' lang='lat' dir='ltr'>P.</span> <span class='ocrx_word' id='word_1_259' title='bbox 419 3621 543 3681; x_wconf 81' lang='lat' dir='ltr'>cervice</span> <span class='ocrx_word' id='word_1_260' title='bbox 571 3621 604 3680; x_wconf 83' lang='lat' dir='ltr'>iu</span> <span class='ocrx_word' id='word_1_261' title='bbox 635 3619 838 3680; x_wconf 80' lang='lat' dir='ltr'>latitudinem</span> <span class='ocrx_word' id='word_1_262' title='bbox 870 3629 937 3696; x_wconf 76' lang='lat'>125</span> <span class='ocrx_word' id='word_1_263' title='bbox 966 3617 1013 3682; x_wconf 90' lang='grc' dir='ltr'>Μ.</span> <span class='ocrx_word' id='word_1_264' title='bbox 1041 3617 1078 3682; x_wconf 83' lang='grc' dir='ltr'>Ρ.</span> 
     </span>
    </p>

    <p class='ocr_par' dir='ltr' id='par_1_5' title="bbox 1 3717 1083 4212">
     <span class='ocr_line' id='line_1_32' title="bbox 1 3717 1083 3807; baseline -0.003 -24"><span class='ocrx_word' id='word_1_265' title='bbox 1 3724 2 3731; x_wconf 76' lang='grc'>’</span> <span class='ocrx_word' id='word_1_266' title='bbox 46 3723 145 3807; x_wconf 84' lang='lat' dir='ltr'>Quod</span> <span class='ocrx_word' id='word_1_267' title='bbox 164 3721 185 3781; x_wconf 82' lang='lat' dir='ltr'>sr</span> <span class='ocrx_word' id='word_1_268' title='bbox 207 3739 281 3784; x_wconf 79' lang='lat' dir='ltr'>eum</span> <span class='ocrx_word' id='word_1_269' title='bbox 298 3720 411 3782; x_wconf 72' lang='lat' dir='ltr'>tabulis</span> <span class='ocrx_word' id='word_1_270' title='bbox 423 3719 534 3783; x_wconf 77' lang='lat' dir='ltr'>nostrie</span> <span class='ocrx_word' id='word_1_271' title='bbox 548 3735 761 3802; x_wconf 79' lang='lat' dir='ltr'>comparatur.</span> <span class='ocrx_word' id='word_1_272' title='bbox 788 3717 967 3780; x_wconf 75' lang='lat' dir='ltr'>mensuram</span> <span class='ocrx_word' id='word_1_273' title='bbox 984 3719 1083 3781; x_wconf 75' lang='lat' dir='ltr'>trinu</span> 
     </span>
     <span class='ocr_line' id='line_1_33' title="bbox 46 3820 1081 3904; baseline -0.003 -17"><span class='ocrx_word' id='word_1_274' title='bbox 46 3827 198 3888; x_wconf 75' lang='lat' dir='ltr'>excedere</span> <span class='ocrx_word' id='word_1_275' title='bbox 214 3823 352 3892; x_wconf 81' lang='lat' dir='ltr'>ridetur.</span> <span class='ocrx_word' id='word_1_276' title='bbox 375 3835 408 3884; x_wconf 90' lang='lat' dir='ltr'>et</span> <span class='ocrx_word' id='word_1_277' title='bbox 423 3823 583 3904; x_wconf 75' lang='lat' dir='ltr'>aliquanto</span> <span class='ocrx_word' id='word_1_278' title='bbox 602 3823 712 3904; x_wconf 77' lang='lat' dir='ltr'>magia,</span> <span class='ocrx_word' id='word_1_279' title='bbox 735 3820 756 3880; x_wconf 85' lang='lat' dir='ltr'>sr</span> <span class='ocrx_word' id='word_1_280' title='bbox 772 3821 891 3903; x_wconf 78' lang='lat' dir='ltr'>cogitet</span> <span class='ocrx_word' id='word_1_281' title='bbox 908 3822 990 3884; x_wconf 82' lang='lat' dir='ltr'>inter</span> <span class='ocrx_word' id='word_1_282' title='bbox 1005 3821 1081 3884; x_wconf 78' lang='lat' dir='ltr'>San·</span> 
     </span>
     <span class='ocr_line' id='line_1_34' title="bbox 46 3919 1080 4006; baseline -0.002 -18"><span class='ocrx_word' id='word_1_283' title='bbox 46 3937 139 3988; x_wconf 77' lang='lat' dir='ltr'>torret</span> <span class='ocrx_word' id='word_1_284' title='bbox 160 3937 195 3988; x_wconf 88' lang='lat' dir='ltr'>et</span> <span class='ocrx_word' id='word_1_285' title='bbox 219 3923 373 3986; x_wconf 77' lang='lat' dir='ltr'>Ofiamioa</span> <span class='ocrx_word' id='word_1_286' title='bbox 390 3923 467 3985; x_wconf 77' lang='lat' dir='ltr'>alios</span> <span class='ocrx_word' id='word_1_287' title='bbox 488 3923 624 4006; x_wconf 82' lang='lat' dir='ltr'>populor</span> <span class='ocrx_word' id='word_1_288' title='bbox 646 3922 828 3983; x_wconf 76' lang='lat' dir='ltr'>interiectos</span> <span class='ocrx_word' id='word_1_289' title='bbox 852 3919 959 3993; x_wconf 74' lang='lat' dir='ltr'>fatue.</span> <span class='ocrx_word' id='word_1_290' title='bbox 991 3923 1080 4003; x_wconf 81' lang='lat' dir='ltr'>quod</span> 
     </span>
     <span class='ocr_line' id='line_1_35' title="bbox 46 4023 1083 4113; baseline -0.004 -25"><span class='ocrx_word' id='word_1_291' title='bbox 46 4037 202 4113; x_wconf 79' lang='lat' dir='ltr'>repugnat</span> <span class='ocrx_word' id='word_1_292' title='bbox 215 4045 290 4087; x_wconf 87' lang='lat' dir='ltr'>cunr</span> <span class='ocrx_word' id='word_1_293' title='bbox 304 4027 362 4106; x_wconf 78' lang='lat' dir='ltr'>tu,</span> <span class='ocrx_word' id='word_1_294' title='bbox 386 4043 465 4106; x_wconf 86' lang='lat' dir='ltr'>quae</span> <span class='ocrx_word' id='word_1_295' title='bbox 481 4023 521 4088; x_wconf 85' lang='lat' dir='ltr'>de</span> <span class='ocrx_word' id='word_1_296' title='bbox 537 4023 659 4086; x_wconf 84' lang='lat' dir='ltr'>ambitu</span> <span class='ocrx_word' id='word_1_297' title='bbox 682 4023 812 4086; x_wconf 78' lang='lat' dir='ltr'>illorum</span> <span class='ocrx_word' id='word_1_298' title='bbox 835 4025 967 4106; x_wconf 83' lang='lat' dir='ltr'>protulit</span> <span class='ocrx_word' id='word_1_299' title='bbox 985 4024 1083 4086; x_wconf 77' lang='lat' dir='ltr'><strong>d&#39;An·</strong></span> 
     </span>
     <span class='ocr_line' id='line_1_36' title="bbox 46 4121 1082 4212; baseline -0.002 -22"><span class='ocrx_word' id='word_1_300' title='bbox 46 4129 132 4192; x_wconf 78' lang='lat' dir='ltr'>rifle.</span> <span class='ocrx_word' id='word_1_301' title='bbox 180 4124 252 4190; x_wconf 82' lang='lat' dir='ltr'>Nec</span> <span class='ocrx_word' id='word_1_302' title='bbox 276 4123 417 4212; x_wconf 71' lang='lat' dir='ltr'>ruperim</span> <span class='ocrx_word' id='word_1_303' title='bbox 441 4137 506 4190; x_wconf 84' lang='lat' dir='ltr'>tam</span> <span class='ocrx_word' id='word_1_304' title='bbox 530 4125 628 4212; x_wconf 73' lang='lat' dir='ltr'>longe</span> <span class='ocrx_word' id='word_1_305' title='bbox 651 4121 743 4188; x_wconf 79' lang='lat' dir='ltr'>fuiffa</span> <span class='ocrx_word' id='word_1_306' title='bbox 763 4123 924 4198; x_wconf 74' lang='lat' dir='ltr'>extensos,</span> <span class='ocrx_word' id='word_1_307' title='bbox 951 4125 1082 4189; x_wconf 82' lang='lat' dir='ltr'>videtur</span> 
     </span>
    </p>
   </div>
   <div class='ocr_carea' id='block_1_4' title="bbox 0 0 1378 4888">
    <p class='ocr_par' dir='ltr' id='par_1_6' title="bbox 0 0 1378 4888">
     <span class='ocr_line' id='line_1_37' title="bbox 0 0 1378 4888; baseline 0 3"><span class='ocrx_word' id='word_1_308' title='bbox 0 0 1378 4888; x_wconf 95' lang='lat' dir='ltr'> </span> 
     </span>
    </p>
   </div>
  </div>
 </body>
</html>
