2696 4896
284 419 348 492 ..a
550 411 713 471 rorte
751 411 1056 470 exrezrrcar

282 585 482 670 stephanum
504 583 538 650 lt.
557 605 590 648 v.
616 587 741 656 rotari.
772 586 929 650 existimat
956 587 1137 650 uoluam·
1157 605 1230 670 pag.
1251 597 1346 667 95.

282 702 394 772 atqu.
419 687 506 768 qood
521 701 556 748 et
571 687 618 748 ibi
632 687 750 750 Ctesias
771 689 805 748 in
823 689 904 750 libro
924 709 980 756 to.
1001 689 1193 754 Persicorum
1211 689 1345 750 lauda·

284 805 354 860 tor.
381 789 421 849 lic
433 789 583 852 emendat
599 789 632 848 iu
650 789 805 872 Stephani
826 791 925 873 priori
942 791 1025 854 looo.
1074 792 1115 852 lt
1127 810 1186 852 oet
1201 791 1269 852 hoc
1290 791 1344 850 ira

285 889 407 958 etesiae
430 891 586 972 excerptio
613 887 710 952 hodie
735 891 861 976 legitur.
910 891 1039 954 Vicinoa
1066 892 1220 970 Hyrcania
1241 889 1340 951 lacit

284 991 437 1056 Derbieer
449 991 632 1074 Stephano·
645 1005 679 1052 et
691 991 803 1054 Strabo
823 1013 878 1054 rt.
892 1013 924 1073 p.
939 1003 1023 1070 554.
1041 991 1063 1054 s.
1080 1003 1164 1070 514.
1185 993 1224 1055 ad
1238 991 1339 1054 offla

284 1093 350 1156 Oxi
371 1095 405 1154 io
428 1090 589 1176 Margiana
603 1091 805 1155 Ptolemaeus
820 1095 854 1164 6.
877 1113 932 1156 ιο.
958 1093 1082 1155 medior
1102 1113 1213 1156 eorum
1237 1095 1335 1156 fine·

285 1193 395 1258 Ortum
413 1191 512 1256 secere
526 1192 629 1255 scribit
644 1193 729 1256 Plin.
742 1213 769 1256 c.
784 1195 806 1254 l.
834 1194 1005 1272 Dionysius
1019 1216 1052 1255 r.
1065 1207 1147 1274 754.
1162 1213 1237 1255 com
1255 1193 1334 1256 suis

285 1315 342 1360 eor
357 1311 390 1358 et
405 1293 534 1356 Bactros
547 1295 666 1356 accolas
681 1293 755 1356 facit
769 1294 871 1356 Mardi
886 1295 997 1366 florii.
1023 1299 1078 1376 qui
1098 1297 1149 1358 rel
1168 1295 1212 1356 est
1233 1295 1333 1355 tta:-

285 1415 344 1482 gos
363 1395 539 1460 Ptolemaei
554 1399 588 1466 6.
609 1415 665 1458 to.
692 1397 781 1476 quod
803 1415 922 1458 nomen
946 1399 1043 1459 etiam
1059 1399 1187 1477 quidam
1212 1395 1334 1458 subili-

286 1511 375 1560 tuere
399 1511 577 1570 tentarunt.
609 1497 662 1558 rel
676 1495 765 1559 Oxoe
781 1495 860 1578 ipse.
884 1500 931 1558 uti
953 1494 1255 1580 putatWernsdors.
1279 1495 1331 1558 ad

284 1597 434 1664 Priscian.
451 1619 482 1680 p.
503 1599 585 1676 568.
613 1599 731 1660 Oceani
756 1599 856 1660 morlo
874 1600 1050 1670 orientalia.
1069 1599 1167 1660 modo
1186 1597 1334 1680 septem·

285 1701 429 1764 triooalia
444 1713 574 1782 gentem
592 1697 665 1760 sacit
679 1699 829 1760 Aethicue
844 1719 889 1761 cc.
903 1701 936 1762 ll.
968 1703 1072 1784 llegea
1085 1701 1162 1762 olim
1177 1699 1330 1760 habuttr·

285 1805 414 1884 adparet
432 1817 470 1860 ex
485 1801 585 1863 Ctelia
602 1820 629 1864 c.
646 1801 669 1862 l.
694 1804 750 1882 qui
770 1814 872 1860 narrat
888 1819 904 1860 a
921 1799 1005 1878 Cyro
1024 1800 1183 1864 Persarum
1198 1800 1330 1862 ditioni

285 1901 375 1966 suilse
400 1900 564 1964 subiectot.
615 1903 665 1962 De
681 1900 818 1984 ipsomm
836 1901 979 1964 moribus
991 1902 1111 1965 disserit
1125 1901 1238 1964 Strabo
1263 1921 1326 1964 ιι.

286 2025 319 2088 p.
338 2015 422 2084 558.
450 2001 470 2064 s.
494 2015 579 2080 520.
600 2003 634 2062 iu
656 2003 695 2065 iit
726 2015 878 2066 mactator
898 2001 1003 2074 luisse.
1039 2016 1199 2084 tamquam
1226 2004 1328 2064 victi·

287 2123 373 2174 mat.
398 2103 452 2186 qui
473 2123 594 2164 anuum
611 2121 656 2177 70
675 2101 883 2173 excessissent.
910 2123 1017 2167 carnee
1035 2106 1167 2186 reliquae
1181 2125 1199 2164 a
1213 2105 1325 2184 protri-

284 2206 348 2270 mie
362 2223 478 2288 genere
494 2199 581 2266 fuisse
596 2201 762 2268 absumtos.
790 2207 881 2267 ldem
898 2207 991 2268 tradit
1005 2207 1125 2268 Aeliam
1134 2207 1171 2268 V.
1182 2205 1226 2266 H.
1237 2215 1273 2286 4.
1287 2221 1324 2268 1.

285 2317 319 2370 et
336 2303 448 2368 Noster
464 2301 544 2366 infra
561 2317 595 2384 3.
612 2319 645 2382 7.
662 2317 696 2386 5.
719 2308 769 2369 de·
782 2307 881 2370 ludia.

369 2497 579 2598 Casius)
628 2507 1067 2572 CommemoraturePliuio
1085 2506 1118 2579 6.
1144 2519 1197 2582 ¹5·
1217 2503 1239 2568 s.
1262 2519 1320 2585 13.

286 2605 342 2691 qui
358 2627 414 2690 per
428 2607 593 2670 Albaniam
611 2629 687 2672 eum
703 2611 850 2680 deducit.
879 2627 912 2672 et
927 2611 1112 2671 Ptolemaeo
1128 2608 1160 2680 li.
1178 2625 1233 2670 to..
1262 2607 1321 2688 qui

288 2707 365 2772 oslia
386 2711 454 2772 eiua
475 2711 605 2772 indicat.
656 2711 752 2795 Quod
770 2713 856 2772 enim
879 2725 969 2772 antea
985 2711 1148 2795 legebatur
1162 2711 1246 2778 Blae.
1268 2721 1320 2770 tot

286 2807 388 2877 adsert
411 2829 546 2882 erroree.
581 2827 617 2872 ut
640 2813 674 2872 io
700 2811 818 2873 Melam
849 2814 957 2874 cadere
980 2815 1034 2874 vix
1056 2807 1181 2893 possint.
1240 2809 1321 2872 Nou

287 2911 377 2975 euim
391 2907 505 2974 samum
526 2911 582 2974 illo
600 2925 742 2994 tempore
762 2913 876 2975 habere
891 2915 1013 2995 potuit.
1044 2914 1114 2993 quia
1138 2914 1277 2994 primum
1300 2929 1319 2971 a

287 3006 473 3074 Ptolemaeo
486 3025 518 3090 5.
536 3031 570 3092 9.
587 3015 771 3097 adtingitur.
798 3013 884 3074 Tum
895 3034 953 3075 nec
968 3033 1034 3076 uno
1045 3015 1135 3074 alveo
1146 3010 1319 3082 descendit.

287 3131 348 3176 uec
370 3113 495 3176 duobus
512 3113 597 3176 olliia
617 3117 764 3179 excurrit.
797 3113 847 3179 Cf.
861 3129 929 3178 not.
948 3117 1016 3178 crit.
1032 3136 1063 3197 p.
1084 3113 1152 3178 126
1167 3113 1228 3194 sqq.

452 3317 482 3394 S.
509 3325 543 3392 5.
593 3316 780 3398 Araxes)
821 3303 1044 3403 fidumque,
1072 3335 1126 3387 ou.
1152 3327 1187 3376 ut
1204 3311 1318 3376 diserte

289 3427 400 3478 mouet
420 3413 535 3478 Suidat
551 3415 583 3480 lt.
599 3437 631 3479 v.
683 3419 830 3480 Attamen
854 3421 888 3478 in
905 3417 1105 3499 scriptoribus
1123 3415 1316 3494 Byzantinie.

288 3515 391 3578 veluti
412 3515 530 3577 Zouttra
552 3527 604 3594 ιθ,
628 3527 686 3594 25.
710 3520 826 3604 legitur
850 3521 944 3580 etiam
965 3506 1115 3607 ’Δραξιῃ
1139 3505 1314 3604 Ἀρᾰξιὸος.

289 3613 340 3681 Cf·
362 3616 488 3678 Stritter
503 3617 536 3678 in
553 3619 717 3680 memoriis
737 3621 884 3702 populor.
901 3621 941 3684 T.
959 3635 990 3695 5.
1005 3640 1036 3701 p.
1051 3629 1110 3694 8¹·
1161 3620 1198 3680 ln
1218 3619 1316 3680 Hero·

289 3715 367 3779 tiolo
381 3729 416 3796 4.
435 3735 491 3784 tt.
513 3705 668 3804 Ἀράξεα,
694 3719 749 3780 ubi
766 3721 870 3784 Codri.
894 3723 1024 3803 quidam
1044 3719 1162 3781 habeut
1182 3717 1312 3780 sormam

289 3819 453 3902 vulgtrem
472 3807 620 3906 'sodium
659 3821 739 3884 lude
754 3825 896 3882 Araxeus
909 3819 1060 3882 formavit
1078 3824 1189 3882 Avien.
1206 3842 1236 3882 v.
1254 3833 1309 3899 30.

289 3917 338 3980 De
357 3915 444 3979 causa
461 3921 602 3985 nomiuie
616 3923 714 3984 varia.
767 3922 815 3984 Ab
835 3923 934 3984 Arato
953 3923 1021 3999 Pyli
1043 3923 1125 3989 filio.
1155 3923 1209 4002 qui
1229 3919 1257 3982 le
1277 3924 1309 3981 iu

289 4035 363 4078 eum
379 4016 515 4092 miseret.
533 4020 705 4104 Ctesiphon
722 4023 761 4084 de
780 4022 872 4084 rebus
887 4023 1025 4090 l’ersrcis.
1046 4022 1119 4084 telle
1136 4021 1307 4092 Plutarcho.

290 4115 330 4179 de
347 4117 455 4180 fluvit·
471 4117 504 4182 h.
522 4139 555 4184 v.
580 4134 613 4183 et
632 4121 670 4184 stc
688 4122 726 4184 ab
743 4125 844 4186 Arato
856 4123 1033 4205 Stephanus
1052 4122 1072 4186 s.
1090 4144 1122 4190 v.
1138 4117 1312 4190 Ἀσκάλων.
