2696 4896
146 385 203 442 ru
233 385 368 443 roua.
398 383 503 440 unt.
544 383 580 440 1.
603 383 657 439 m.
697 381 733 442 t.
754 385 808 440 nr.
849 379 928 458 Η.
1005 393 1066 460 105

103 557 314 639 Teutoni)
363 559 415 619 De
440 559 561 640 duplici
588 557 813 618 terminatione
837 553 878 620 ci.
903 569 972 622 not.
995 558 1066 623 crit.

43 681 135 747 prot
154 656 199 742 tq.
226 656 367 744 Quidam
384 659 545 722 deducunt
559 658 819 720 aGermanornm
837 661 906 722 Deo
926 659 1009 722 Titui
1037 679 1067 730 o.

45 754 141 854 Tsisco
161 760 183 824 l.
207 761 305 834 Teur‚·
336 761 475 844 plerique
494 782 510 824 a
532 760 639 831 Tltsrtt,
670 760 774 821 Tlrt'od
793 761 815 822 i.
833 781 861 823 e.
884 759 978 824 Vota.
1015 758 1067 826 Cf.

39 867 169 926 leibnit.
185 863 223 922 ari
239 865 342 924 Tacit.
358 883 423 946 cap.
444 879 477 926 a.
528 862 706 944 Pleriqnea
726 862 863 933 Tlrentlr,
891 864 980 945 quod
1003 864 1069 925 dia·

36 969 113 1028 lectis
129 967 290 1026 variatum
308 978 398 1046 putat
414 964 542 1030 clover.
559 967 592 1024 in
610 964 719 1027 Germ.
736 977 800 1025 ant.
818 985 846 1034 ι,
863 965 921 1028 26.
938 984 970 1048 p.
988 975 1068 1044 185.

35 1079 144 1149 gno.
163 1087 236 1150 pag.
256 1067 339 1144 663.
367 1067 399 1127 in
428 1067 541 1137 Theoi,
567 1065 666 1136 Duo,
703 1064 834 1136 Codnrr.
865 1065 1009 1128 Grnodnrr
1035 1079 1071 1130 et

34 1166 182 1234 Wodars.
228 1165 277 1230 Cl.
295 1167 390 1228 etiam
413 1169 543 1250 Spener.
568 1171 603 1228 in
625 1178 692 1229 not.
717 1166 825 1230 Germ.
846 1183 911 1230 ant.
929 1179 963 1244 5.
982 1183 1015 1239 Ω,
1038 1189 1069 1232 ι.

33 1292 97 1356 pag.
120 1287 168 1348 ¹4
185 1266 249 1351 l'qq.
281 1269 484 1332 Ptolemaeus
500 1285 532 1336 a.
555 1287 568 1332 1
582 1287 610 1332 t.
634 1287 689 1330 eos
703 1269 895 1332 Pharadenis
911 1285 943 1331 et
955 1270 1073 1334 suevis

33 1371 193 1436 adscribit.
246 1367 330 1434 Cum
354 1367 492 1434 Cimbris
515 1367 701 1441 consociari,
734 1384 823 1432 antea
849 1385 995 1435 notatum
1018 1371 1072 1444 eii,

33 1477 196 1554 iidemque
212 1475 345 1533 comites
369 1471 495 1533 luerunt
511 1471 695 1554 irruptionis
713 1473 746 1532 in
765 1472 916 1544 Galliam,
944 1485 977 1535 et
996 1474 1073 1534 cala·

33 1576 162 1639 mitaris.
208 1574 279 1634 Vid.
304 1572 450 1636 Cisccon.
475 1587 507 1634 et
529 1570 635 1636 Daris.
655 1572 692 1634 ad
714 1574 773 1636 lul.
798 1572 884 1640 caet.
906 1573 947 1635 de
968 1574 1007 1637 B.
1031 1573 1073 1640 G.

39 1699 66 1748 ι,
85 1691 145 1756 53.
180 1688 215 1736 et
234 1693 313 1756 qnos
335 1676 483 1745 iamlam,
514 1689 636 1758 praeter
660 1673 842 1757 superiores.
895 1677 1074 1757 Antiquita-

36 1793 98 1842 tem
120 1779 230 1862 gentis
255 1779 346 1838 docet
369 1773 445 1838 facta
466 1777 534 1840 eius
555 1777 677 1838 mentio
705 1796 721 1837 a
742 1777 861 1854 Pythea
874 1778 966 1860 apud
989 1777 1075 1842 Plio.

37 1895 91 1961 57.
109 1897 144 1941 α.
185 1881 233 1940 du
249 1875 371 1940 Codani
387 1879 448 1939 iam
463 1880 567 1961 primo
582 1896 662 1940 aevo
675 1877 821 1960 adpellati
837 1876 965 1948 fuerint.
988 1877 1078 1961 quod

36 1985 181 2044 adfirmat
203 1982 324 2060 Spener
342 1993 374 2056 5.
393 1997 426 2043 2.
443 2000 512 2064 pag.
536 1990 589 2056 ¹5·
607 1999 634 2043 c.
650 1979 671 2042 l.
692 1981 850 2042 incertum
868 1980 911 2042 eli
931 1980 1075 2062 perinde.

37 2098 127 2165 atque
149 2083 203 2150 id.
230 2083 314 2161 quod
339 2083 442 2150 addit.
474 2081 610 2162 alibique
634 2083 766 2164 repetit,
794 2083 903 2144 Danos
925 2081 999 2145 inde
1019 2099 1078 2143 no·

36 2207 109 2247 men
135 2180 274 2251 traxilie.
305 2185 390 2262 qnod
411 2183 450 2244 src
471 2184 603 2244 invertit
622 2182 807 2268 Schoeoing
826 2204 859 2266 p.
875 2183 934 2262 56.
951 2203 978 2247 c.
993 2185 1016 2246 l.
1040 2195 1079 2244 ut

37 2289 170 2348 aDanis
187 2284 329 2353 derivet,
355 2287 491 2366 praefixo
510 2285 574 2354 Co.
601 2285 732 2346 nomina
753 2283 905 2347 Codanus
919 2299 953 2347 et
974 2283 1080 2348 Coda-

37 2391 153 2456 nenia.
181 2383 357 2470 refragante
379 2379 483 2447 tameo
505 2399 589 2446 recte
607 2385 797 2449 Schlnezero
811 2387 848 2447 ad
864 2405 891 2449 c.
907 2385 928 2448 l.
948 2399 1016 2448 not.
1034 2385 1080 2449 H.

37 2492 133 2554 Sedes
158 2507 259 2569 prope
286 2487 431 2550 Gimbros
457 2486 597 2548 habuille
615 2507 653 2548 ex
677 2487 760 2549 Mela
789 2485 1080 2573 subintelligitur,

40 2591 88 2653 [ed
124 2591 221 2650 latitia
255 2609 311 2670 per
349 2586 462 2651 insulas
502 2590 622 2651 vicinas
662 2587 816 2672 dispersos
853 2587 963 2652 vixille
1001 2585 1082 2651 infra

40 2715 103 2776 cap.
123 2689 158 2762 6.
179 2705 214 2768 7.
234 2690 337 2753 docet.

114 2917 136 2958 ar
149 2894 162 2955 l
177 2905 192 2954 t
207 2891 282 2975 να)
333 2890 416 2956 Cum
438 2893 516 2954 ultra
540 2891 741 2976 supercilium
758 2892 844 2956 linus
860 2890 985 2956 Codani
1002 2906 1083 2956 terra

44 2999 94 3060 illa
120 2995 253 3058 extendi
274 3014 340 3056 oon
363 2989 474 3075 poisat.
507 3015 602 3076 porro
621 2995 704 3057 Mela
728 2994 767 3055 ab
787 2995 952 3056 occidente
976 2993 1084 3058 verius

43 3103 203 3180 orientem
221 3097 273 3158 hic
288 3098 519 3179 progrediatur,
545 3111 577 3160 et
592 3097 834 3158 Sarmaticarum
851 3097 991 3159 cotrfinio
1008 3117 1084 3180 gen·

44 3203 126 3262 tium
144 3214 178 3262 et
197 3197 312 3258 villula
329 3217 422 3259 amne
439 3197 640 3260 Germaniam
660 3201 828 3269 terminet,
853 3197 885 3258 in
902 3217 962 3279 qna
978 3196 1086 3258 ultimi

44 3302 169 3366 incolae
195 3297 324 3361 ruerunt
348 3299 559 3371 Hermiones.
592 3301 699 3382 quaeri
719 3299 839 3360 debent
859 3299 945 3360 iuxta
966 3299 1086 3360 Sarma·

42 3408 137 3474 tiam.
172 3415 212 3462 ut
229 3414 313 3464 recte
334 3403 429 3462 etiam
453 3402 564 3462 docuit
584 3401 768 3485 Schoening
784 3422 815 3483 p.
834 3411 893 3478 58.
909 3419 935 3462 c.
953 3400 975 3462 l.
1015 3400 1087 3462 Dis·
1118 3449 1121 3456 ,

44 3505 159 3569 [entire
185 3503 316 3586 quidem
343 3503 496 3563 vitientur
520 3504 589 3573 alii,
625 3504 681 3584 qui
710 3521 824 3565 eornm
854 3501 1087 3574 meminerunt,
1146 3515 1150 3526 ’

43 3609 130 3691 qnod
159 3625 201 3668 ex
227 3603 472 3688 migrationibus
498 3607 587 3690 ragis
610 3618 644 3668 et
669 3604 798 3666 incertia
824 3600 948 3664 sedibus
978 3615 1089 3664 ortum

44 3711 101 3772 elle
118 3709 262 3768 videtur.
299 3707 430 3768 Tacitus
454 3707 540 3768 enim
558 3707 597 3768 de
613 3706 721 3769 Germ.
743 3725 808 3786 cap.
826 3719 858 3766 a.
878 3701 996 3764 medios
1014 3701 1089 3766 iacit

46 3813 257 3878 Germaniae.
291 3821 324 3868 et
347 3808 431 3868 Plio.
455 3816 490 3886 4,
516 3817 573 3884 28.
598 3805 619 3871 i.
643 3817 698 3888 ¹4·
730 3807 762 3866 in
799 3805 926 3866 illorum
961 3805 1090 3888 populis

46 3919 144 3976 etiarn
181 3909 307 3971 Suevos
338 3921 581 3976 commemorat.
643 3907 728 3972 Cum
755 3922 860 3968 tamen
888 3903 971 3968 Mela
998 3908 1092 3968 litora

47 4013 143 4078 [oleat
169 4013 292 4096 legere.
330 4011 364 4070 in
394 4010 584 4076 Pomeranie
615 4025 693 4074 tunc
726 4010 835 4096 potius
867 4007 1021 4075 habitaffe
1051 4025 1092 4073 ex

48 4129 159 4180 mente
188 4111 293 4176 Melas
318 4112 480 4176 videntur.
