2650 4896
142 391 188 451 nt
211 387 343 451 POMP.
370 393 478 452 Mur..
520 391 630 450 Lm.
672 393 791 456 (ΗΠ.
831 387 910 462 Η.
977 384 1038 465 165

44 582 102 650 pore
121 563 244 637 constet.
274 562 355 628 urici
380 566 419 627 ed
443 563 562 628 redires
586 566 768 636 montium.
800 566 855 647 qui
880 575 1035 628 vocentur

44 655 185 754 Knrtorffe.
207 666 403 750 expluribus
418 663 571 735 fontibne.
595 665 699 751 (door
718 669 905 749 praecipuoe
928 663 1034 727 fontee

43 766 112 828 hebet
123 765 261 828 Pennrnt
273 769 307 828 in
329 769 418 830 View
433 765 471 830 oi
481 765 679 850 Hindoiien)
705 768 786 830 duos
801 769 935 852 grandes
950 765 1034 828 leone

42 868 156 936 tnmire.
185 867 251 948 post
272 867 311 929 ad
334 868 532 930 occidentem
553 867 632 940 labi.
666 869 775 930 dume
792 867 956 931 montione
977 865 1035 930 ob·

42 968 108 1028 iertir
127 967 157 1026 in
183 969 306 1030 Indiam
331 981 455 1032 vertere
479 983 618 1054 cogatur.
668 969 742 1031 Vid.
770 969 936 1032 d'Anviiie
959 985 986 1030 o.
1009 967 1033 1030 Ι.

40 1087 90 1152 prg.
102 1064 142 1146 64
157 1065 214 1148 sqq.
241 1069 299 1128 obi
320 1070 464 1152 pluriboe
484 1070 524 1130 de
540 1067 684 1132 fontibus
699 1071 818 1155 Gangie
834 1069 1036 1148 omninoque

39 1170 67 1228 de
77 1167 171 1250 Geoge
184 1168 335 1263 exposuit.
359 1170 566 1233 Rennelliene
581 1169 682 1232 rabula
697 1183 730 1232 et
744 1169 849 1234 fontee
864 1183 898 1232 et
913 1170 1033 1232 flexum

37 1268 148 1350 pn'mum
165 1267 283 1355 Gangie
301 1271 474 1334 luculenter
489 1271 629 1334 exhibet.
679 1273 717 1332 ln
735 1273 802 1334 lacu
818 1286 934 1340 temen.
957 1287 1032 1331 cnm

36 1369 131 1451 empit.
158 1382 246 1432 etex
267 1370 408 1453 ebmptie
429 1373 463 1434 in
490 1373 583 1456 plena
604 1371 750 1444 devenit.
783 1369 933 1453 hospitari
955 1369 1033 1430 dicit

37 1469 107 1532 et‘nm
124 1469 202 1533 Plio.
218 1491 245 1534 e.
262 1471 284 1534 Ι.
315 1472 487 1536 Contineo.
507 1473 528 1534 l.
558 1491 633 1534 eum
663 1473 703 1534 eb
733 1471 865 1536 obiectie
890 1469 1033 1554 rupibus.

36 1587 89 1630 erm
99 1571 133 1630 ed
146 1573 350 1636 meridianem
364 1570 530 1658 regionem
548 1573 695 1645 decurrit,
717 1574 755 1636 ed
770 1573 926 1636 orientem
943 1569 1031 1632 ineli-

35 1671 84 1732 ntri
98 1671 191 1744 tradit,
214 1671 278 1745 hic.
298 1687 334 1736 nt
349 1673 434 1746 riibi.
457 1693 567 1757 perum
583 1675 688 1758 grerie
701 1687 821 1737 ructor.
835 1685 840 1710 ⁶
854 1673 908 1735 Sio
923 1685 1031 1734 temen

35 1783 57 1831 et
73 1771 116 1831 elii
130 1774 161 1833 in
184 1774 342 1838 orientem
352 1775 444 1860 ,flecti
468 1775 612 1846 tradunt,
637 1788 674 1836 nt
688 1775 801 1839 Strebo
822 1783 877 1850 15.
893 1793 925 1856 p.
941 1781 1028 1850 474.

34 1868 123 1950 tono.
146 1874 292 1938 Lucenue
306 1891 340 1955 3.
357 1891 440 1956 231.
457 1875 524 1961 (qui
537 1877 617 1939 adeo
632 1876 670 1938 td
685 1876 758 1938 ostie
772 1870 892 1956 refert.)
917 1871 1030 1933 Vibius

34 1972 167 2053 sequester
182 1997 214 2058 p.
238 1997 283 2040 m.
309 1975 362 2042 ιδ.
385 2013 437 2025 -
469 1977 553 2060 quod
585 1977 780 2058 aliquetenue
812 1987 936 2037 tantum
967 1967 1031 2032 diei

33 2073 118 2152 poted.
152 2075 312 2140 Maximo·
328 2079 436 2142 Indiae
452 2079 571 2140 fluvius
586 2076 759 2140 celebretur
771 2077 915 2157 indoque
931 2073 1030 2136 etiem

32 2173 119 2238 neior.
156 2177 229 2240 vid.
253 2179 374 2243 Atrion.
397 2182 430 2240 in
453 2180 552 2242 Indie.
575 2199 641 2261 cap.
656 2189 692 2258 4.
717 2191 750 2241 et
770 2177 810 2239 iio
831 2173 972 2240 Eusteth.
991 2171 1031 2234 ad

32 2274 139 2354 Dionys.
158 2297 190 2339 v.
212 2287 320 2360 1143.
342 2281 521 2341 monimum
542 2279 622 2342 adeo
644 2279 711 2344 ruit
733 2275 822 2342 nord
843 2271 902 2362 rije
927 2273 1032 2338 οἰκου-

30 2371 104 2460 μένην
123 2379 280 2466 ποταμῶν
302 2379 497 2469 ἱστοροῦσιν.
524 2381 592 2462 post
611 2381 744 2453 indum.
771 2393 841 2440 tum
864 2378 974 2440 istrum
996 2385 1031 2436 et

31 2473 120 2536 Nilum
136 2477 232 2560 sequi.
253 2473 357 2546 'unde
369 2482 438 2564 poli
453 2481 534 2543 Mein
549 2481 589 2542 de
605 2481 704 2543 lodo:
730 2479 818 2542 Hine
831 2499 927 2559 poene
945 2475 1031 2538 Gan·

30 2595 73 2654 geo
87 2579 296 2658 rrragnitudine
308 2596 484 2666 exaequm
507 2597 540 2645 et
554 2581 629 2644 hino
644 2565 845 2643 minuerecte
860 2580 973 2642 Cicero
989 2575 1029 2638 de

30 2673 155 2741 donor.
172 2697 204 2751 2.
220 2695 279 2760 52.
295 2681 412 2744 Indum
425 2683 561 2744 omnium
565 2677 738 2770 fluminum
754 2681 927 2742 maximum
942 2677 1030 2745 dicit.

29 2781 95 2858 quod
109 2783 211 2844 verior
228 2785 267 2844 de
282 2783 391 2868 Gange
406 2785 517 2849 Strebo
536 2797 589 2862 15.
607 2805 639 2866 p.
649 2795 695 2862 47
701 2795 733 2859 5.
752 2781 772 2846 [.
792 2779 874 2861 692.
903 2779 1032 2842 Curtios

29 2893 55 2955 9·
74 2896 101 2952 o.
123 2896 153 2946 o.
174 2897 208 2946 et
232 2884 301 2955 elii,
335 2905 416 2966 quoe
440 2885 485 2946 ibi
511 2885 616 2946 landet
641 2884 887 2946 freinsheimius.
941 2879 1031 2941 Idem

29 2993 114 3043 eutem
129 2986 276 3048 Anieuur
291 3005 317 3046 o.
334 2986 357 3049 1.
380 2987 532 3070 grandem
554 2987 617 3046 iem
640 2985 714 3048 inde
736 2984 774 3045 ab
797 2983 868 3065 ipfis
889 2977 1033 3042 fontibne

27 3081 86 3144 oriri
108 3087 210 3150 tradit.
267 3086 523 3172 Magnitudinem
553 3087 620 3149 eiue
641 3082 782 3146 efficiunt
803 3083 897 3146 multi
928 3076 1033 3148 fluvii,

28 3180 255 3269 eliquiadeoipfi
269 3187 471 3272 navigabiles.
488 3188 543 3268 qui
560 3189 592 3248 in
603 3205 677 3249 eum
693 3185 722 3248 ie
737 3195 917 3247 exonerant.
944 3179 1030 3242 Piin.

29 3284 79 3345 ei.
95 3289 226 3350 omnino
246 3306 286 3368 ¹9
303 3289 413 3360 hebet.
439 3289 636 3368 totidemque
652 3285 716 3348 iere
732 3298 895 3348 enumeret
910 3281 1031 3343 Atrion.

28 3381 55 3442 in
67 3385 155 3450 lodic.
173 3409 241 3471 cap.
256 3400 291 3468 4.
317 3391 371 3471 qui
387 3409 497 3472 perum
515 3409 532 3450 o
550 3389 655 3451 Plinio
672 3389 834 3468 discrepat.
886 3385 932 3447 lta
953 3397 1032 3444 vero

28 3491 199 3553 recentiores
215 3488 386 3553 describere
406 3491 491 3561 vidi.
517 3502 571 3559 ut.
597 3489 653 3550 ubi
672 3488 799 3570 rapidus
815 3487 866 3556 fit.
893 3483 1032 3546 multum

29 3595 109 3650 terrae
122 3590 264 3674 abripiet.
288 3589 395 3654 verine
409 3611 494 3653 mare
509 3589 642 3652 vadosus
657 3611 696 3652 ex
713 3591 790 3650 iimo
808 3587 951 3649 conlecto
964 3585 1034 3644 red·

27 3683 112 3752 detur.
143 3689 271 3756 Aeone'v'
286 3683 370 3778 ὕδωρ
387 3692 432 3752 illi
448 3693 500 3754 dat
517 3689 648 3769 Dionys.
664 3713 696 3754 v.
715 3691 797 3753 626.
832 3684 1033 3751 Profundum

26 3782 86 3850 iecit
105 3811 255 3864 roo.ooo
271 3793 406 3876 pedibue
424 3791 568 3856 Martiae.
585 3791 661 3874 Cap.
681 3789 715 3855 6.
734 3811 765 3873 p.
784 3801 867 3867 224.
890 3787 1035 3872 quemvie

26 3887 69 3948 eiii
83 3895 232 3956 omittunt
247 3895 351 3956 Mille.
387 3893 471 3958 Plin.
488 3914 515 3958 o.
530 3895 550 3954 Ι.
571 3893 627 3954 lio:
651 3889 704 3954 ulti
720 3891 880 3951 minimum
895 3903 916 3968 3
932 3887 982 3952 Μ.
997 3889 1033 3954 Ρ.

26 3986 193 4065 ἱιιίιιιάίιιε,
229 3992 282 4056 ubi
307 3993 462 4058 modinum
482 3993 664 4088 stadiorum
691 4002 835 4064 eentume
867 3989 1037 4054 altitudine

25 4107 163 4178 mquam
184 4097 301 4160 minore
318 4085 402 4186 paff.
421 4110 479 4160 oo.
519 4095 650 4159 Solinus
666 4113 694 4156 e.
712 4105 771 4172 52.
787 4093 948 4157 minimam
964 4092 1038 4156 dati·
