2758 4902
159 459 163 462 .
200 480 206 492 .
285 405 328 487 56
554 411 716 470 uoraa
755 411 1056 470 uxuourrcta

291 583 405 646 tribuit
423 583 542 646 Martio
560 606 593 668 p.
615 595 695 666 234.
725 605 857 668 eamque
879 586 1001 649 derivat
1021 585 1060 648 ab
1087 585 1222 648 Hercule
1245 587 1336 649 anti·

291 707 373 769 quo.
398 705 492 768 quem
513 689 546 747 iu
570 702 677 749 vetere
694 701 907 750 monumento
924 687 1089 749 Herculem
1107 680 1337 777 Mactrsunum

292 789 442 868 adpellari
468 789 583 858 credit.
620 791 738 872 quippe
764 792 820 871 qui
845 810 884 850 ex
910 789 1072 850 Phoenice
1098 791 1222 850 duxerit
1251 791 1334 853 illoe

291 889 427 971 populor
444 891 476 948 in
494 888 676 972 Hispaniam
693 905 726 952 et
741 891 816 952 inde
837 891 870 951 in
888 889 1032 953 Galliam.
1062 888 1112 953 Cs.
1128 891 1223 951 etiam
1239 893 1333 953 Alte·

291 987 370 1050 serra
386 992 419 1050 in
436 1009 540 1052 rerum
559 991 662 1072 liquit.
678 991 734 1054 lib.
752 1001 787 1071 4.
808 1011 839 1074 p.
859 1005 927 1069 231
949 990 990 1073 sq.
1042 993 1121 1053 inde
1137 1011 1213 1054 vero
1230 1008 1266 1054 et
1284 1013 1333 1054 ex

291 1092 410 1152 vicinia
424 1092 629 1174 intelligitur.
653 1094 737 1175 quod
752 1094 833 1175 apud
852 1092 999 1156 strabon.
1014 1103 1049 1170 4.
1065 1114 1098 1176 p.
1111 1107 1191 1170 131.
1208 1092 1227 1156 s.
1242 1113 1332 1173 190.

293 1191 419 1255 differre
436 1214 452 1254 a
472 1194 600 1275 reliquia
616 1194 722 1264 Gallia.
747 1207 778 1255 et
796 1193 941 1274 Hispania
955 1194 1069 1256 similer
1091 1193 1149 1256 esse
1165 1195 1333 1266 dicuntur.

293 1311 332 1355 ex
348 1314 413 1374 quo
429 1294 525 1374 aliqui
548 1295 722 1357 voluerunt
742 1295 780 1356 ab
803 1295 947 1376 Hispania
969 1313 1082 1359 eorum
1099 1297 1257 1378 originem
1279 1316 1334 1358 re-

292 1407 410 1476 petere.
453 1393 503 1458 cf.
530 1396 701 1458 Memoiree
727 1427 776 1444 ·-
802 1397 842 1458 de
863 1397 948 1457 Paria
971 1396 1012 1459 T.
1029 1407 1063 1474 8.
1082 1418 1114 1477 p.
1132 1406 1216 1477 421.
1270 1397 1334 1460 Uti

293 1515 371 1558 vero
396 1497 464 1576 poll
484 1496 646 1559 Caesarem
667 1511 699 1560 et
724 1497 864 1558 Hirtium
890 1499 1023 1559 omnino
1049 1497 1135 1559 Galli
1158 1512 1333 1570 vocantur.

293 1595 333 1658 fic
359 1598 436 1658 olim
469 1615 581 1660 ornnes
612 1597 734 1668 Celtae.
773 1617 962 1680 quamquam
988 1600 1021 1658 in
1058 1599 1194 1680 populos
1222 1599 1334 1662 divtfi.

293 1698 406 1777 Scylax
425 1716 457 1779 p.
475 1715 508 1762 o.
527 1699 626 1760 Huds.
649 1700 716 1782 poll
734 1699 838 1760 iberae
857 1699 957 1760 statim
979 1702 1073 1782 pouit
1091 1701 1221 1784 Ligures
1236 1713 1270 1761 et
1292 1703 1333 1761 ira

293 1797 332 1860 iis
350 1795 528 1862 lllaffiliam.
575 1803 646 1872 Alii,
669 1814 706 1862 ut
720 1801 870 1882 Ephorus
886 1801 968 1882 apud
984 1800 1130 1862 Strabou.
1147 1811 1181 1879 4.
1198 1821 1228 1882 p.
1244 1815 1332 1880 157.

294 1897 317 1962 s.
341 1919 421 1980 ¹99·
443 1901 597 1964 Celticum
617 1903 650 1962 in
670 1901 850 1983 Hispaniam
867 1921 966 1982 ueque
983 1902 1160 1964 extendunt
1175 1915 1209 1963 et
1229 1901 1333 1987 longe

293 2005 448 2062 maiorem
461 2001 591 2065 faciunt.
616 2003 819 2066 olorensis.
831 2013 863 2080 5.
880 2017 937 2078 32.
947 2004 992 2067 in.
1007 2003 1062 2085 qui
1080 2005 1226 2064 interiora
1240 2001 1333 2084 supra

295 2099 466 2163 Maffiltam
489 2104 654 2174 tenebant.
685 2105 787 2184 etqui
806 2107 893 2164 iuxta
909 2105 1004 2186 Alpea
1022 2117 1055 2164 et
1070 2107 1114 2166 cie
1129 2105 1333 2183 Pyrenaeum

294 2199 494 2274 habitabant,
538 2205 647 2266 Celtas
672 2218 781 2274 vocat.
825 2207 904 2266 ultra
935 2224 991 2268 eoa
1024 2208 1080 2287 qui
1105 2205 1198 2288 posui
1228 2220 1333 2276 erant.

298 2302 407 2366 Gallos
428 2306 599 2388 adpellatoe
621 2306 730 2376 tradit,
756 2306 811 2367 etsr
827 2307 878 2367 hic
896 2309 1049 2369 terminos
1072 2307 1168 2390 longe
1190 2309 1330 2368 excedit.

295 2401 346 2466 cf.
379 2405 512 2487 Appiau.
536 2409 576 2468 (le
604 2407 671 2470 reb.
699 2406 787 2489 Hisp.
812 2427 879 2490 cap.
903 2425 932 2470 r.
986 2409 1071 2469 Hinc
1089 2403 1330 2490 Κελτογαλλία

294 2505 433 2568 Ptolem.
449 2525 480 2577 2.
498 2517 530 2582 7.
553 2525 584 2570 et
606 2509 746 2571 Eullath.
766 2509 804 2570 atl
825 2506 957 2587 Dionys.
980 2530 1013 2572 r.
1037 2519 1119 2585 288.
1141 2502 1334 2596 σύμπαντες

294 2597 484 2691 Εὐρωπαῖοι
513 2603 668 2670 Γαλάται
701 2599 823 2672 Κελτοὶ
845 2599 914 2672 ’ὑπὸ
941 2605 1106 2697 Ἑλλήνων
1132 2604 1330 2695 ἐκλήθησαν.

294 2707 371 2769 Post
392 2711 527 2770 invaluit
553 2711 686 2771 Galatia
705 2723 738 2771 et
761 2710 915 2782 Galatae.
944 2711 1019 2773 inde
1045 2709 1153 2774 Gattta
1174 2723 1206 2772 et
1229 2710 1327 2782 Galil,

295 2811 425 2890 quidam
448 2809 627 2893 promiscue
645 2811 754 2873 Celtae
767 2827 801 2873 et
819 2811 904 2872 Galli
918 2811 1039 2883 dicunt.
1062 2825 1098 2872 ut
1112 2811 1273 2872 Plutarch.
1294 2813 1332 2874 in

297 2908 426 2972 Caesare
451 2908 572 2994 passrm.
607 2913 679 2974 Viri.
700 2911 847 2974 Perizon.
871 2913 910 2972 ad
933 2915 1054 2975 aelian.
1076 2914 1113 2974 V.
1131 2913 1173 2975 H.
1193 2925 1247 2982 ια,
1266 2927 1327 2990 23.

296 3011 409 3074 Cellar.
426 3015 458 3073 in
476 3014 593 3097 Geogr.
608 3027 672 3077 ant.
691 3032 721 3083 2.
743 3029 775 3084 Ω,
792 3023 825 3091 4.
850 3013 1042 3076 Oihenartua
1057 3015 1091 3074 iu
1107 3017 1201 3076 notit.
1219 3012 1331 3076 Vasco·

166 3104 167 3107 ¹
295 3116 367 3179 niae
385 3129 417 3189 3.
442 3128 476 3194 4.
501 3136 532 3196 p.
548 3117 633 3194 469.
667 3115 803 3176 Valesrue
825 3115 859 3174 iu
880 3117 974 3176 notit.
1002 3116 1126 3177 Galliar.
1151 3133 1222 3196 pag.
1243 3116 1328 3194 296.

296 3213 427 3276 Martia.
449 3235 480 3296 p.
499 3217 556 3294 69.
574 3235 601 3277 c.
623 3216 645 3278 l.
675 3215 732 3276 ubi
752 3228 851 3297 putat,
886 3216 959 3278 ideo
975 3214 1103 3285 sactum.
1134 3217 1232 3297 quod.
1253 3217 1331 3279 lieet

296 3313 412 3399 Belgae
436 3319 497 3376 iarn
520 3319 598 3378 olim
622 3330 654 3378 et
676 3317 822 3398 Aquitani
846 3317 880 3376 in
902 3317 1000 3378 Gallia
1029 3315 1172 3386 suiffeut.
1208 3317 1328 3379 Celtica

296 3427 403 3478 tamen
429 3415 506 3487 sola.
540 3437 609 3499 pare
631 3418 767 3488 Galliae,
807 3418 991 3480 innotuisset
1021 3417 1126 3500 priscie
1148 3418 1273 3480 Graecia
1294 3430 1329 3484 et

298 3517 462 3580 Romania.
499 3517 549 3581 Cs.
567 3521 627 3580 Iul.
645 3517 731 3582 Caes.
749 3521 788 3581 de
806 3519 843 3579 B.
862 3517 901 3581 G.
917 3521 962 3582 in.
1007 3519 1118 3581 Noster
1131 3539 1147 3580 a
1162 3519 1325 3600 Pyrenaeo

296 3619 335 3680 atl
359 3621 569 3690 Garumnam.
605 3631 641 3679 ut
664 3621 747 3682 Pilu.
765 3629 799 3696 4.
826 3633 883 3698 31.
907 3619 928 3684 s.
957 3635 1011 3696 17.
1040 3619 1170 3704 profert.
1223 3623 1266 3684 Et
1288 3621 1329 3682 lio

200 3701 205 3710 ⁵
297 3719 406 3780 Caesar
426 3741 454 3784 o.
478 3717 501 3785 l.
532 3721 638 3783 Gallos
674 3720 712 3781 ab
743 3721 906 3801 Aquitania
941 3721 1100 3782 Garumna
1130 3719 1165 3784 fl.
1198 3719 1329 3787 diuidit.

294 3821 434 3883 Ptolem.
455 3839 485 3890 2.
505 3837 537 3896 7.
558 3841 635 3884 vero
653 3823 692 3883 ad
709 3822 848 3905 Ligerim
865 3819 899 3883 sl.
918 3823 1075 3894 extendit.
1102 3825 1192 3885 cuiue
1208 3823 1329 3886 causam

297 3921 435 4006 subgerit
449 3921 560 3986 Strabo
575 3933 608 4000 4.
625 3945 656 4007 p.
680 3937 759 4002 ¹3¹·
778 3920 798 3984 s.
820 3934 898 4001 ¹89·
913 3936 946 3984 et
961 3937 1051 3984 autea
1065 3945 1096 4006 p.
1113 3939 1192 3988 122.
1210 3923 1231 3988 s.
1248 3943 1324 4003 177.

298 4023 424 4104 Nempe
447 4044 519 4084 curn
544 4026 641 4087 nimio
663 4023 798 4109 angustie
820 4024 974 4086 limitibus
990 4024 1328 4109 circumscripti-esseut

297 4126 435 4198 incolae.
461 4127 567 4214 addita
585 4125 702 4189 Galliae
723 4145 793 4210 pare
810 4125 891 4188 ultra
908 4125 1107 4190 Garumnam
1123 4128 1163 4192 ad
1177 4129 1326 4216 Ligerim,
