2746 4894
176 449 531 511 invenenat.
571 449 681 510 cnr.
725 447 858 516 cun.
900 455 978 528 ss.
1040 465 1103 535 355

59 627 205 710 ubnegat
224 625 329 689 undis.
376 623 462 686 Nam
485 623 576 710 qnod
595 621 652 697 ait,
678 627 769 690 tessus
778 625 815 720 st
836 621 967 722 misceat
983 651 1102 706 amma.

57 726 202 792 indubie
219 725 341 798 credit,
367 745 437 788 non
456 723 586 790 misceri
608 745 682 802 eos3
714 745 880 814 praeterea
896 729 1025 814 Tigrim
1049 736 1102 796 ab·

57 833 209 915 sorptum
233 827 356 892 iterum
373 824 501 901 enasci,
536 847 598 891 nee
619 829 782 913 abnegare
804 833 908 896 undas
930 834 999 896 suas
1018 832 1101 898 llnni

56 933 201 1004 Persico,
226 948 393 1015 tamquam
408 927 444 990 id
463 931 648 1014 Euphrates
665 951 733 993 non
754 931 863 1006 saciat,
887 935 941 998 sed
957 932 1101 1020 suagros

36 1035 183 1128 ‘sparsus
202 1025 352 1117 proxima
372 1023 487 1114 irriget
502 1047 599 1116 atque
625 1029 671 1094 ita
693 1033 881 1109 evanescam
921 1035 979 1122 qui
1003 1055 1101 1102 verus

55 1135 100 1198 est
122 1151 243 1220 poetae
263 1133 381 1200 sensus.
421 1135 540 1196 Fontes
560 1130 663 1217 igitur
684 1154 751 1196 non
774 1133 918 1198 diversos
941 1139 982 1200 ad
1000 1137 1101 1224 origi·

55 1259 137 1300 nem
160 1234 291 1321 potius,
316 1253 415 1321 quam
433 1231 511 1296 osb'a
528 1235 718 1299 reseremus.
744 1271 797 1286 --
846 1239 946 1320 Quod
962 1241 1002 1301 ad
1022 1261 1100 1304 eon·

55 1339 220 1400 fluentem
237 1336 370 1412 attinet,
395 1333 506 1399 Plinio
521 1353 555 1398 et
568 1339 757 1400 Ptolemaeo
774 1339 906 1404 accedo.
958 1343 1101 1406 Tantam

56 1439 152 1503 enim
174 1459 336 1525 aquarum
355 1435 443 1512 vim,
481 1459 565 1522 quae
589 1439 782 1523 amplissrmo
804 1457 906 1524 ponte
927 1438 964 1504 in
987 1442 1100 1508 media

57 1544 230 1622 Babylone
245 1538 303 1602 vix
317 1537 427 1624 potuit
448 1537 574 1611 traiici,
598 1553 635 1602 ut
651 1539 785 1604 Curtius
807 1541 865 1621 [5.
887 1547 940 1626 1.]
961 1541 1099 1618 indicat,

56 1645 253 1706 evanescere
272 1637 394 1725 magis,
419 1661 519 1725 quarn
537 1638 700 1705 corrivare
717 1641 753 1704 in
768 1641 899 1728 Tigrim
915 1643 1101 1710 verosimile
1201 1677 1205 1690 ·

57 1744 206 1816 nonest,
238 1765 316 1806 cum
333 1740 434 1805 etiam
452 1743 639 1806 Herodotus
660 1741 718 1808 lib.
741 1767 770 1812 r.
792 1745 885 1830 [cap.
908 1751 1011 1832 ran]
1032 1751 1098 1812 Eu·

54 1849 198 1932 phraten
213 1844 248 1908 in
263 1845 398 1907 rubrum
415 1865 505 1906 mare
520 1845 693 1908 decurrere
708 1842 808 1911 dicat.
843 1849 880 1910 ln
897 1869 959 1936 qus
973 1849 1099 1913 senten·

54 1947 103 2012 tia
123 1963 157 2010 et
170 1945 339 2010 Diodorus
363 1945 407 2007 est
426 1943 511 2008 libro
528 1943 636 2008 tertio.
658 1945 739 2026 [lib.
761 1967 793 2010 c.
812 1969 840 2012 c.
863 1953 939 2033 11.]
979 1951 1098 2014 Strabo

54 2048 115 2114 lib.
138 2072 192 2112 ιι.
216 2051 271 2134 [p.
291 2050 374 2126 364.
394 2047 414 2108 s.
431 2051 538 2130 529]
562 2044 683 2132 Tigris,
705 2044 826 2135 inquit,
852 2066 885 2113 ct
901 2053 1098 2136 Euphrates,

54 2149 115 2238 qui
139 2146 413 2234 Mesopotamiam
433 2148 651 2222 circumdant,
678 2166 710 2211 et
725 2151 812 2235 apud
826 2151 1028 2233 llabylonios
1048 2151 1098 2217 in·

52 2252 167 2316 vicem
189 2252 385 2323 cohaerent,
418 2247 539 2313 deinde
560 2248 596 2312 in
624 2267 715 2312 mare
739 2253 902 2317 Perseum
930 2253 1096 2320 emittunt.

48 2353 123 2429 ,Dio
137 2374 274 2440 quoque
295 2353 378 2432 [63.
391 2356 471 2436 lta]
493 2349 602 2424 tradit,
630 2351 810 2415 Traianum
828 2355 999 2420 Caesarem
1015 2377 1097 2443 pon·

55 2473 123 2520 tem
141 2453 250 2518 secisse
264 2450 355 2516 iuxta
372 2455 574 2534 Babylonem
590 2475 626 2516 ea
644 2470 754 2539 parte,
782 2477 845 2541 qua
860 2459 1045 2541 Euphrates
1060 2455 1098 2522 in

54 2557 194 2644 paludes
209 2553 338 2618 emissus
348 2553 479 2639 Tigridi
495 2553 665 2631 miscetnr;
688 2573 726 2618 ut
737 2577 840 2642 prope
856 2555 1033 2622 indubium
1051 2561 1098 2634 sit,

56 2657 156 2722 etiam
173 2655 210 2720 in
229 2658 366 2742 paludes
382 2653 530 2719 emissum
546 2677 615 2720 non
633 2659 834 2732 evanescere,
863 2659 915 2722 sed
931 2660 1100 2726 corrivare

55 2759 90 2822 in
123 2756 266 2843 Tigrim.
304 2777 492 2823 vantanvs.
561 2760 661 2844 Quod
696 2759 778 2824 dicit
808 2763 1002 2846 Euphraten
1025 2783 1096 2828 non

55 2861 204 2932 effluere,
231 2857 333 2922 sedin
350 2875 484 2924 tenuent
502 2875 533 2920 et
549 2859 738 2943 despectum
756 2862 899 2925 definere
913 2861 1035 2938 rivum,
1059 2864 1097 2928 id

54 2961 291 3049 accipiendum
311 2962 353 3024 de
374 2963 466 3024 alveo
489 2957 681 3046 principali,
709 2959 765 3045 qui
781 2962 930 3047 quamvis
946 2963 981 3027 in
996 2965 1096 3028 innu-

52 3087 163 3130 meros
182 3061 385 3148 dispergatur
406 3059 513 3135 rivos,
540 3083 577 3126 ac
593 3077 765 3146 propterea
786 3077 873 3126 totus
894 3086 999 3147 paene
1015 3065 1094 3129 desi·

52 3165 136 3240 ciat,
171 3163 306 3250 proprie
329 3181 440 3226 tamen
472 3165 657 3248 Euphrates
683 3161 815 3226 dicitur.
849 3161 932 3227 *Sic
957 3163 1094 3252 quidem

50 3271 154 3341 Mela,
182 3265 239 3352 qui
256 3263 398 3329 credidit
410 3267 602 3352 Euphraten
619 3262 699 3330 ollio
715 3285 837 3336 carere,
860 3287 977 3330 verum
999 3265 1095 3332 aliter

50 3367 121 3435 alii.
161 3366 213 3430 llli
234 3365 358 3453 quippe
377 3366 566 3440 adfirmant,
593 3385 670 3428 eum
685 3382 742 3429 aut
757 3363 792 3428 in
809 3364 941 3452 Tigiim
955 3367 1093 3443 flumen,

48 3487 108 3536 aut
138 3469 174 3532 in
210 3471 312 3532 linum
344 3471 508 3532 Perficum
539 3467 692 3545 effluere,
738 3489 856 3531 verum
888 3488 957 3533 non
989 3473 1092 3535 simul.

48 3575 182 3656 Nempe
224 3567 379 3633 naturalis
417 3567 552 3656 quidem
585 3567 763 3653 Euphratis
804 3572 917 3633 alveus
957 3569 1025 3634 exit
1056 3569 1094 3642 in
1224 3603 1229 3619 ·

48 3673 203 3759 Tigrim,
228 3693 344 3734 verum
359 3673 498 3742 Arabes,
530 3671 692 3734 obstructo
707 3669 764 3734 illo
781 3673 893 3745 alveo,
927 3671 1092 3758 epaludi·

48 3778 131 3848 bus,
159 3795 239 3859 quas
253 3775 437 3858 Euphrates
454 3774 624 3835 exundans
640 3770 735 3844 facit,
762 3772 874 3835 soffam
895 3773 1018 3836 duxere
1033 3794 1092 3838 no·

47 3876 143 3940 mine
158 3878 376 3960 Pallacopam.
411 3876 457 3937 Ac
472 3891 542 3936 tum
559 3874 694 3960 quidem
710 3873 895 3958 Euphrates
910 3895 996 3938 nova
1014 3873 1092 3940 osb'a

47 3979 174 4040 habere
192 3975 319 4062 coepit,
350 3973 478 4038 nonin
496 3973 643 4060 Tigrim,
676 3973 783 4036 sedin
805 3979 908 4038 linum
927 3977 1092 4042 Persicum

47 4075 218 4150 exeuntia,
242 4095 281 4140 nt
295 4075 368 4140 satis
384 4097 424 4140 ex
438 4073 550 4140 Plinio
567 4075 723 4161 colligere
740 4077 793 4154 ell,
818 4075 969 4164 quamvis
986 4078 1090 4142 Arria-

45 4201 207 4247 nuscum
222 4181 311 4244 Mela
330 4177 506 4246 concinere
528 4177 677 4252 ridetur,
705 4199 781 4242 cum
800 4177 882 4244 dicit
897 4183 1089 4266 Euphraten
