2758 4902
310 437 353 511 90
581 426 740 487 notra
781 427 1083 488 axcoaarcee
1126 493 1130 504 ,

314 616 405 690 putat
429 601 613 686 Schoening
639 623 705 664 von
731 605 793 666 den
820 603 978 688 Begriffen
1006 603 1062 666 der
1086 604 1170 665 alten
1194 599 1371 664 Grieche

315 710 385 768 und
403 707 522 768 iiiitner
538 723 603 765 von
626 704 686 765 den
705 695 899 767 Niirdliclten
917 707 1075 778 Lindem.
1103 705 1196 788 (Viti.
1214 705 1376 788 allgem.

316 809 421 871 Welt·
432 805 542 867 Gesch.
559 807 614 864 der
629 826 749 867 ueuern
768 809 877 869 Zeiten
893 810 932 871 T.
953 823 1008 886 15.
1025 828 1095 890 pag.
1112 819 1154 883 51
1174 803 1235 888 sq.)
1295 805 1377 866 Sed

316 911 404 992 quod
426 907 500 969 inde
526 927 543 967 a
566 906 711 992 Cattegat
733 910 768 970 ad
795 909 920 970 Frisiam
945 911 1178 990 complectitur,
1204 904 1378 968 adsentiri

317 1012 394 1072 ideo
420 1029 488 1070 non
513 1007 655 1089 possum,
690 1013 775 1090 quod
802 1010 893 1092 super
916 1011 1023 1070 Albim
1051 1011 1161 1071 relicto
1190 1007 1323 1090 Visurgi
1354 1028 1375 1069 a

316 1111 403 1174 Mela
425 1111 573 1194 ponitur,
600 1110 656 1170 ubi
677 1113 774 1172 etiam
791 1113 898 1172 omnia
915 1112 997 1173 bene
1017 1125 1209 1196 congruunt.
1257 1110 1375 1186 Super

318 1215 407 1277 enim
431 1213 474 1273 esi
501 1226 584 1272 trane
611 1211 736 1283 Albim,
775 1232 849 1273 cum
875 1215 960 1274 ultra
988 1216 1146 1294 pertinere
1172 1212 1289 1273 debeat
1324 1211 1371 1270 ad

316 1311 549 1378 Chersonesum
591 1312 801 1384 Cimbricam,
846 1315 903 1375 nist
944 1317 1045 1376 marie
1081 1315 1198 1374 Melam
1244 1314 1373 1374 omnia

317 1415 481 1486 miscuisse,
508 1415 593 1496 quoti
611 1415 673 1476 line
689 1415 765 1476 iusla
780 1414 864 1476 causa
883 1415 1022 1478 sustineri
1038 1418 1159 1498 nequit.
1194 1415 1371 1484 Tandem,

317 1519 449 1581 fimare
475 1517 700 1578 Germanicum
728 1517 944 1589 intellexisset,
985 1532 1103 1579 temere
1126 1518 1201 1577 haec
1222 1535 1372 1596 compo·

317 1617 439 1682 suisset:
473 1620 507 1678 in
530 1617 687 1679 Oceanum
710 1651 761 1664 ·-
784 1617 870 1680 Athis
891 1633 924 1680 et
943 1609 1042 1709 super
1068 1617 1169 1680 Albim
1201 1615 1374 1680 Codanus

306 1719 418 1814 finus,
452 1720 525 1801 quia
550 1738 605 1801 per
628 1717 657 1780 se
679 1735 822 1801 apertum
844 1721 902 1791 eil,
938 1719 1029 1802 super
1050 1719 1155 1782 Albim
1177 1720 1238 1780 hoc
1267 1718 1371 1779 sensu

317 1824 377 1887 else
402 1822 579 1890 Oceanum,
607 1818 656 1881 seu
680 1841 765 1882 mare
792 1822 1028 1884 Germanicum.
1073 1821 1125 1882 Est
1149 1822 1245 1904 igitur
1270 1820 1372 1884 linus

317 1924 469 1988 Codanus
486 1925 519 1983 iu
537 1922 666 1984 Oceano
687 1924 834 2004 quidem,
861 1921 910 1984 sed
933 1944 997 1984 non
1015 1921 1077 2005 ipse
1095 1922 1257 1990 Oceanus,
1286 1941 1369 2002 pare

316 2028 412 2088 maria
428 2025 539 2085 Baltici
554 2042 654 2106 prope
672 2025 695 2084 F
697 2025 826 2094 ioniam,
843 2025 1051 2087 Seelandiam.
1071 2055 1118 2066 -
1146 2025 1198 2088 Sic
1215 2023 1366 2105 Longos.

310 2130 355 2189 ad
374 2127 476 2187 Taciti
493 2125 600 2185 Germ.
618 2145 684 2206 cap.
701 2145 731 2188 1.
750 2125 789 2187 de
805 2127 872 2187 sinu
889 2126 1022 2189 Finnico
1038 2139 1069 2187 et
1086 2125 1243 2186 Bothnico
1265 2125 1368 2184 intel-

316 2227 400 2312 ligit.
439 2227 578 2288 Ulterius
606 2229 660 2306 qui
686 2229 951 2311 progrediuntur,
986 2229 1074 2309 quod
1102 2225 1200 2288 sacere
1230 2227 1368 2306 aliquo·

318 2321 406 2398 vidi,
433 2342 517 2389 certe
536 2347 551 2390 a
568 2327 672 2388 Melae
688 2327 896 2410 descriptione
912 2329 1065 2391 aberrant.
1081 2371 1083 2381 ·
1104 2329 1171 2389 Nec
1188 2330 1276 2388 enim
1293 2327 1366 2388 huc

317 2433 477 2514 pertinet,
510 2443 545 2488 ut
567 2430 652 2490 idem
676 2429 728 2500 sit,
763 2452 847 2490 mare
871 2432 1032 2492 Saevieam
1055 2431 1157 2490 Taciti
1182 2430 1221 2488 tle
1245 2429 1364 2492 Germ.

317 2551 385 2614 cap.
401 2541 461 2612 45.
487 2532 573 2610 quod
594 2529 687 2598 Aeslii
710 2532 825 2593 docent
847 2532 968 2594 accolae
992 2547 1023 2592 et
1045 2530 1160 2593 succini
1180 2531 1366 2603 conlectio;

317 2653 377 2693 nec
401 2631 436 2694 V
435 2631 574 2693 arcadicus
589 2628 686 2720 finus
706 2633 881 2694 Ptolemaei
900 2651 933 2711 3,
950 2645 983 2710 5.
1010 2654 1105 2715 quem
1129 2636 1162 2692 in
1180 2634 1364 2694 Sarmatico

295 2791 304 2814 ¹
320 2733 449 2795 Oceano
465 2735 567 2814 ponit.
602 2735 673 2795 Vid.
690 2733 818 2796 Cluver.
839 2735 871 2794 in
887 2735 994 2797 Germ.
1012 2749 1076 2798 ant.
1095 2749 1126 2813 3,
1149 2747 1203 2812 37.
1223 2754 1254 2814 p.
1270 2735 1364 2809 651.

319 2837 374 2897 etsi
392 2836 422 2895 id
440 2838 557 2895 iterum
576 2848 727 2916 repetunt
742 2837 836 2895 etiam
851 2837 980 2917 Spener.
999 2839 1030 2896 iu
1048 2838 1141 2898 notit.
1160 2836 1269 2896 Germ.
1288 2849 1365 2898 ant.

318 2947 352 3014 5,
377 2951 407 2998 Ω.
435 2957 466 3017 p.
488 2951 543 3011 17.
569 2934 747 2997 Anchersen
764 2939 796 2996 in
813 2936 902 3020 Orig,
921 2940 1000 3000 Dan.
1019 2939 1054 3000 P.
1072 2958 1099 3000 r.
1115 2957 1182 3018 cap.
1197 2948 1231 3015 q.
1250 2957 1282 3016 p.
1296 2935 1364 3014 68.

315 3035 465 3100 Refertur
482 3037 545 3098 huc
567 3057 662 3118 porro
683 3039 760 3100 aliua
777 3039 879 3098 Taciti
902 3039 989 3100 locue
1007 3040 1046 3101 de
1063 3039 1171 3100 Germ.
1188 3057 1213 3098 c.
1231 3051 1291 3115 57.
1313 3041 1363 3101 in.

315 3139 391 3200 ubi:
428 3138 572 3199 Eandem
598 3139 782 3200 Germaniae
793 3135 903 3229 sartum
923 3142 1064 3220 proximi
1086 3139 1213 3202 Oceano
1236 3137 1367 3200 Cimbri

214 3262 219 3268 ·
315 3251 433 3310 tenent,
461 3240 556 3300 multi
577 3239 707 3323 legunt,
745 3239 794 3302 sed
818 3238 942 3311 sruslra,
974 3243 1046 3323 quia
1070 3241 1151 3303 srnue
1173 3241 1245 3301 aliae
1269 3261 1364 3321 prae·

316 3343 419 3413 cedit,
446 3361 506 3402 nec
520 3343 691 3402 commode
710 3340 832 3402 dixisset
848 3343 995 3412 Tacitus,
1023 3345 1077 3424 qui
1096 3344 1196 3404 smum
1212 3355 1364 3414 teneant,

315 3446 450 3506 eosdem
473 3446 638 3523 proximoe
653 3442 711 3505 esse
730 3442 876 3512 Oceano,
903 3447 1019 3526 quippe
1034 3445 1117 3526 quod
1140 3441 1240 3525 perse
1263 3443 1365 3504 intel·

315 3545 437 3631 ligitur.
473 3545 577 3628 Igitur
583 3540 686 3634 satam
703 3564 760 3625 pro
767 3540 877 3633 fluam
894 3547 1010 3608 melius
1025 3547 1077 3607 alii
1097 3559 1236 3612 tuentur,
1263 3546 1363 3625 quid·

315 3649 392 3728 quid
413 3659 523 3709 contra
546 3647 666 3706 nitatur
687 3644 866 3708 Anchersen
888 3646 1030 3709 rievalle
1053 3650 1138 3708 Deae
1161 3645 1310 3706 Herthae'
1326 3649 1362 3708 in

317 3747 466 3832 Origine.
486 3749 568 3809 Dan.
585 3748 622 3810 P.
643 3767 672 3809 t.
693 3765 760 3830 cap.
779 3761 813 3823 3.
835 3769 865 3828 p.
881 3757 942 3826 49.
981 3749 1131 3812 Ceterum
1149 3747 1235 3808 hunc
1251 3747 1361 3808 Melae

316 3847 424 3910 locum
443 3849 606 3931 prolixius,
634 3846 686 3908 suo
703 3850 835 3929 quisque
853 3848 951 3918 sensu,
979 3862 1190 3912 tractaverunt
1208 3861 1240 3909 et
1259 3850 1362 3930 expli·

316 3963 427 4010 cerunt
450 3949 583 4012 Cluver.
607 3969 677 4033 pag.
701 3952 783 4025 650.
805 3971 831 4011 c.
856 3951 877 4012 l.
914 3950 1092 4014 Anchersen
1118 3952 1154 4012 P.
1176 3970 1206 4013 t.
1228 3969 1295 4031 cap.
1322 3951 1360 4014 6.

314 4069 387 4137 pag.
410 4065 477 4128 170
492 4049 556 4136 sqq.
582 4051 765 4138 Schoening
780 4074 813 4138 p.
831 4063 892 4132 47.
911 4066 944 4116 et
959 4063 1018 4134 54.
1036 4073 1064 4116 c.
1083 4055 1105 4118 l.
1137 4053 1302 4118 Pontanue
1320 4051 1362 4116 in
