2746 4894
57 704 69 740 l

284 407 352 484 ῃ
556 397 722 460 rom
759 400 1067 461 exuorrrcrr

435 575 468 656 ς.
495 575 530 640 6.
581 574 739 658 collis)
788 576 914 640 Pliniur
930 573 964 646 6.
982 575 1081 654 35AE
1108 574 1334 656 [go-iteu-

288 693 380 742 emt
408 675 548 774 Quidum
567 689 599 736 et
614 679 646 736 in
666 698 701 738 eo
720 691 828 740 tractu
844 678 982 740 modicos
997 679 1092 740 colles
1106 700 1249 740 amoeno
1263 699 1334 758 opo·

285 783 387 844 eilute
401 779 530 874 vestitos
547 779 744 859 Aegipanum
759 781 1004 864 satyrorumque
1020 781 1186 860 produnt.
1222 781 1333 842 Hunno

284 883 321 946 iu
342 883 467 964 periplo
487 879 584 942 hebet
605 872 687 964 ὕλην
709 896 743 944 et
763 883 797 942 in
818 885 983 944 nocturnie
1005 881 1141 966 ignibus
1159 895 1194 942 et
1217 879 1334 965 fragore

286 984 510 1065 cymbalorum
532 979 702 1045 conleutit.
753 984 887 1064 Reliqua
911 987 1098 1054 exornavit.
1129 985 1186 1044 vel
1207 985 1333 1064 amplifi·

285 1087 371 1148 uerit
388 1084 483 1148 Mela.
522 1083 608 1144 Eum
621 1081 719 1146 refert
731 1085 848 1146 iterum
862 1085 1031 1147 Boeceeius
1048 1107 1074 1147 e.
1089 1087 1112 1146 l.
1136 1083 1240 1146 Ultra
1255 1105 1333 1146 mori·

285 1199 350 1248 tem
372 1185 468 1268 longo
489 1199 599 1246 eructu
619 1187 719 1246 virere
735 1189 779 1246 eit
795 1187 888 1248 colles
904 1188 937 1248 in
952 1187 1058 1254 litore.
1085 1207 1130 1247 ex
1146 1185 1265 1267 quibus
1280 1208 1333 1263 pu·

284 1301 388 1352 tentes
409 1289 515 1366 compi
530 1287 622 1365 longe
635 1288 734 1366 magis
749 1287 915 1358 videntur,
939 1309 1035 1370 quoin
1044 1279 1201 1381 srrfficim
1217 1290 1330 1350 intuitu

284 1381 393 1481 uisus,
419 1401 454 1450 et
469 1389 509 1450 lic
522 1389 640 1468 relique
657 1386 722 1450 iere
744 1389 858 1450 iiedem
879 1391 995 1452 rerbie.
1046 1391 1175 1452 Putant
1195 1391 1330 1470 qnidam,

285 1510 375 1554 oram
399 1489 452 1552 bie
468 1490 612 1552 Guiueee
633 1491 875 1555 meridionalem
892 1495 1062 1576 regionum
1078 1493 1284 1574 Seuegallioe
1299 1503 1330 1550 et

285 1591 439 1656 Gambire
462 1589 606 1654 describi.
665 1591 761 1676 lguee
783 1595 880 1654 etiem
902 1595 1087 1678 intelligunt
1110 1614 1152 1654 ex
1172 1595 1228 1660 iir.
1254 1611 1328 1672 quae

283 1695 419 1758 Bruciue
435 1706 555 1763 uertet.
581 1687 729 1756 berberoe
749 1693 861 1757 herber
878 1695 978 1758 aridae
994 1697 1028 1756 iu
1048 1697 1217 1758 montium
1236 1713 1326 1775 engu-

282 1795 350 1860 uir·
373 1797 562 1864 incendere.
588 1795 675 1876 unde
695 1811 787 1862 erute
806 1796 934 1859 flammo
956 1810 1126 1870 montem,
1160 1797 1254 1860 velut
1270 1809 1327 1856 tor·

281 1917 375 1971 reue.
400 1897 556 1962 decurrat.

358 2103 514 2164 Punurn
522 2101 541 2182 )
581 2100 754 2163 Ponuntur
768 2113 802 2164 et
821 2096 930 2184 pell‘nn
947 2102 1038 2172 alibi,
1063 2117 1100 2163 ut
1117 2103 1200 2164 circe
1224 2094 1323 2162 xiiio

280 2199 326 2283 (i.
343 2201 476 2292 Χέμμιν.
507 2218 545 2264 ut
570 2204 641 2264 vult
665 2207 763 2265 etiam
784 2204 963 2283 llylander)
987 2205 1069 2286 apud
1097 2203 1264 2266 Pluterch.
1287 2200 1323 2258 cle

282 2304 365 2368 llide
382 2339 430 2354 -
448 2305 535 2390 Opp.
552 2305 622 2366 rol.
637 2318 670 2380 7.
685 2325 717 2386 p.
728 2315 815 2384 4⁰5·
831 2303 959 2388 (Lipl.)
993 2307 1043 2367 De
1059 2307 1190 2368 Atlante
1207 2305 1268 2364 hoc
1279 2319 1320 2360 re·

281 2403 344 2471 lert
363 2406 508 2470 Muttito.
527 2405 655 2491 Capella
670 2405 726 2470 lib.
744 2404 776 2470 6.
792 2427 824 2490 p.
840 2419 923 2484 215.
945 2408 1009 2468 Per
1029 2407 1109 2468 diem
1121 2403 1213 2499 filet,
1238 2415 1321 2466 nocte

282 2519 316 2571 ee
329 2507 456 2590 ignibus
470 2509 580 2578 micae.
599 2505 694 2577 tibiis,
705 2504 838 2598 fistulis,
855 2505 1003 2589 cymbulis
1018 2511 1243 2591 tympanisque
1255 2523 1317 2582 per·

280 2623 402 2690 erepet,
420 2609 785 2690 SatyrisAegipauisque
800 2605 883 2693 (lic)
897 2606 1140 2671 bacchantibus.
1172 2607 1316 2670 Heliodo-

279 2731 334 2778 πω
354 2713 388 2772 iu
411 2710 560 2793 Aethiop.
580 2729 635 2779 ro,
655 2718 691 2788 l}-
713 2711 805 2794 (pag.
822 2722 906 2792 458.
924 2713 976 2774 ed.
995 2713 1170 2787 Bourdel.)
1206 2698 1315 2770 ndum

280 2804 402 2896 οἴκησιν
435 2823 667 2874 commemoret
711 2831 811 2893 prope
855 2811 989 2874 Meroen
1038 2806 1314 2892 Gymnosophistai

279 2909 396 2978 lecille.
445 2913 586 2976 Ptolem.
600 2925 635 2993 4,
653 2928 686 2988 7.
710 2913 743 2972 in
766 2914 828 2974 hoc
847 2925 947 2974 tractu
967 2934 1033 2975 non
1053 2915 1150 2998 longe
1172 2933 1190 2974 e
1210 2909 1313 2971 Meroe

278 3015 319 3076 ed
340 3015 445 3078 linum
463 3015 633 3078 Arabicum
657 3014 744 3100 grad.
765 3033 819 3092 ¹9·
840 3014 934 3076 habet
956 3016 1140 3093 Satyrorum
1163 3023 1309 3076 montem·

278 3136 376 3199 quam
407 3115 653 3200 adpellatiouem
679 3137 696 3177 u
720 3115 869 3200 gregibus
895 3135 1056 3198 caprarum
1078 3129 1182 3178 ortum
1207 3121 1311 3198 putant

278 3233 423 3282 auctores
441 3219 531 3280 libri:
560 3219 696 3302 Aligem.
709 3217 845 3279 Hillorie
861 3221 917 3278 der
932 3215 1046 3280 Reilen
1059 3220 1128 3281 Vol.
1146 3239 1177 3282 ι.
1191 3237 1219 3299 p.
1233 3231 1307 3277 2⁰1·

277 3336 310 3382 er
326 3334 483 3402 quaerunt
496 3331 521 3398 4
533 3319 649 3382 Miller.
665 3339 681 3380 r
695 3335 791 3402 portu
806 3315 948 3379 skaban
960 3320 992 3380 in
1011 3317 1110 3380 insula
1122 3319 1236 3401 alique,
1257 3309 1307 3376 etfi
1323 3313 1326 3318 '

277 3422 436 3483 incertum
452 3422 594 3482 iudicant
614 3433 721 3482 uotoe.
772 3420 835 3484 Sed
848 3440 917 3482 reru
932 3419 1030 3502 iplam
1047 3425 1192 3482 tractarit
1206 3422 1238 3480 in
1251 3416 1306 3476 boo

276 3521 349 3610 loco
372 3523 487 3584 Banier
510 3522 711 3586 Giitterlebre
727 3523 798 3582 Vol.
816 3534 849 3600 5.
866 3542 939 3606 pag.
958 3523 1042 3596 671.
1068 3535 1102 3586 et
1119 3523 1252 3606 explicat
1269 3515 1305 3575 de

276 3623 393 3694 limile,
421 3621 587 3686 ueletiam
610 3621 685 3686 serie
708 3621 912 3692 bominibus,
939 3624 994 3705 qui
1017 3622 1056 3684 lic
1076 3626 1241 3686 terruerint
1258 3616 1302 3678 ed·

143 3785 145 3790 .
277 3743 376 3788 venre
402 3742 513 3790 noctu.
561 3723 700 3788 lniulam
722 3743 792 3786 eam
818 3727 937 3806 quaerit
957 3745 1058 3808 prope
1083 3725 1233 3794 Tirumos,
1257 3717 1303 3779 rel

250 3857 254 3870 ¹
276 3829 385 3910 potine
398 3829 435 3887 ad
451 3847 538 3890 oram
552 3827 763 3908 promontorii
776 3825 897 3886 viridis.
925 3824 1181 3910 llrueeffleileo)
1197 3824 1260 3886 Vol.
1272 3834 1301 3880 t.

276 3947 308 4010 p.
320 3941 390 4006 557
404 3927 444 4008 lq.
462 3941 561 4010 pintae,
587 3929 641 3988 ubi
656 3928 689 3987 h.
700 3926 805 3994 Koila.
821 3941 853 3988 et
868 3928 943 3988 inde
958 3928 1103 4009 explicet,
1126 3929 1220 4010 quod,
1236 3936 1301 3986 eum

275 4029 359 4090 aestu
377 4029 537 4099 hominen
554 4043 591 4091 ut
605 4027 761 4100 animalia,
782 4025 870 4090 fracti
888 4029 988 4109 quieti
1006 4028 1203 4114 indulgeant.
1219 4033 1299 4088 nocte

276 4131 448 4219 ingruente
473 4131 585 4197 reiecti
608 4136 795 4204 excitentur,
822 4143 991 4214 cantuque,
1019 4128 1179 4238 ¹saltatione
1201 4143 1232 4196 et
1249 4123 1299 4188 tle·
