2746 4894
255 425 319 495 olo
529 412 689 476 otono
729 413 1036 476 nxaoarrcan
1098 404 1103 415 '

256 593 316 656 litu
338 589 379 654 nd
400 609 486 654 mare
508 582 582 674 a'pto
599 590 653 653 hic
667 592 805 654 dubitari
819 601 976 676 nequeat.
1016 593 1121 656 Docet
1142 589 1176 653 iri
1196 589 1307 654 etiam

256 693 343 760 Plin.
363 689 395 763 6.
413 690 470 759 96.
490 692 509 757 [.
527 707 586 773 23.
614 682 728 757 ubi'cst
747 695 836 757 Cane
852 697 888 757 in
904 691 1033 756 turifera
1052 697 1197 780 regione.
1238 695 1306 755 Lu·

258 789 470 860 colentiffime
494 809 600 856 autem
621 795 661 856 de
679 797 747 857 eine
765 795 823 858 fito
844 797 996 860 Arrianus
1011 797 1045 858 in
1065 799 1188 879 periplo
1210 815 1247 878 p.
1266 805 1303 872 5.

256 895 329 982 (ed.
347 894 468 979 liudi.)
500 898 556 978 qui
578 915 643 958 non
669 896 769 961 solum
792 901 973 981 emporium
989 912 1083 962 vocat
1105 899 1140 960 in
1162 899 1306 982 regione

256 996 404 1070 turifera.
431 995 482 1061 led
503 1011 536 1060 et
556 1000 643 1059 iuxta
665 1001 760 1081 ponit
780 999 896 1064 insulae
916 1001 994 1063 duaa
1016 1000 1171 1072 desertae.
1195 1019 1305 1062 unam

255 1103 391 1171 Avium,
416 1101 545 1162 alteram
570 1099 708 1172 Tralles,
738 1101 824 1184 lupre
843 1101 953 1166 Certen
973 1101 1147 1173 Sabbatha.
1173 1115 1208 1164 et
1230 1101 1305 1183 poll

124 1193 129 1208 '
255 1202 434 1266 Sacltaliten
468 1201 587 1271 finum.
625 1223 705 1284 quae
736 1205 793 1266 situ
828 1205 951 1286 optime
982 1201 1188 1266 consentiunt
1220 1221 1304 1266 cum

256 1303 433 1368 Ptolemaei
457 1305 640 1374 notatione.
670 1307 772 1386 quiet
794 1305 901 1370 verine
917 1303 1117 1369 occidentem
1135 1303 1304 1390 subiungit

255 1407 405 1470 Arabiam
423 1404 547 1468 urbem.
590 1407 700 1469 Unum
713 1407 820 1480 restat.
846 1409 933 1491 quod
949 1407 1061 1470 obiicit
1075 1406 1244 1471 Salmasrue
1260 1403 1304 1468 acl

256 1509 358 1572 Solin.
375 1521 433 1586 35.
457 1505 478 1568 i.
502 1508 560 1587 56.
584 1529 617 1590 p.
631 1528 675 1570 m.
695 1522 779 1586 350.
830 1509 1003 1574 Atramitae
1023 1510 1162 1572 ePlinio
1180 1505 1214 1580 6,
1238 1523 1303 1588 52.

256 1607 278 1673 l.
299 1609 507 1692 28.poniit1
529 1611 634 1673 media
656 1608 721 1673 fere
744 1610 854 1672 Arabia
878 1609 979 1684 felici,
1011 1610 1066 1673 ubi
1089 1611 1304 1674 Ptolemaeus

258 1713 292 1782 6.
310 1727 343 1786 7.
361 1711 457 1772 habet
473 1710 693 1784 Chatramitat‚
720 1733 800 1796 quoe
815 1734 832 1775 a
845 1713 984 1777 Climace
999 1727 1111 1776 monte
1128 1713 1165 1774 ad
1184 1713 1304 1776 Seche-

123 1813 126 1818 ’
255 1817 328 1876 litae
358 1811 541 1894 pertinoille
566 1812 681 1877 scribit.
741 1815 822 1876 lnde
854 1833 933 1878 vero
957 1829 1049 1897 putat
1074 1815 1207 1877 enodem
1237 1801 1303 1878 elle

255 1916 395 2000 populor
411 1915 540 1976 diversio
560 1916 748 1978 nominibus
769 1917 890 1988 editoe.
916 1918 964 1978 uti
988 1915 1118 1999 operose
1138 1913 1302 1978 adstruere

255 2019 370 2080 nititur
387 2038 419 2100 p.
435 2037 480 2080 m.
497 2026 580 2096 348.
606 2018 663 2078 ubi
677 2032 710 2081 et
725 2019 765 2078 de
782 2019 866 2080 varia
884 2017 1048 2101 scriptura.
1074 2037 1134 2101 qua
1150 2031 1303 2080 anctoree

256 2138 313 2184 eoa
328 2117 475 2182 efferunt.
503 2120 541 2181 ln
559 2135 694 2200 utroque
709 2121 805 2182 etiam
822 2119 923 2181 aderit
935 2121 1111 2182 Bochartue
1125 2119 1159 2179 in
1175 2120 1302 2205 Phaleg

256 2237 291 2292 9.
314 2237 369 2303 17.
396 2239 470 2282 cum
486 2240 550 2302 quo
567 2219 607 2282 cf.
625 2221 792 2284 Michaelis
808 2223 923 2306 Geogr.
942 2221 1039 2284 Hebr.
1059 2221 1096 2284 P.
1115 2237 1147 2284 9.
1163 2242 1197 2304 p.
1211 2223 1299 2298 156.

255 2323 386 2386 Accedit
408 2321 619 2408 Geographue
638 2323 734 2386 Arabe
758 2323 855 2386 Clim.
878 2345 904 2386 ι.
927 2324 962 2386 Ρ.
982 2325 1016 2386 6.
1043 2323 1158 2404 inquo
1182 2325 1301 2406 populi

254 2423 513 2488 Hadlaramcrtath
533 2422 589 2486 loli
611 2437 779 2505 occupant.
805 2425 960 2506 quidquid
979 2438 1131 2486 terrarum
1152 2427 1301 2506 utrinque

255 2527 397 2610 adsignat
412 2525 624 2588 Ptolemaeue.
671 2527 804 2587 Videtur
818 2527 923 2608 itaque
943 2547 1015 2588 curn
1033 2526 1152 2595 Plinio.
1178 2528 1213 2586 in
1230 2525 1300 2608 q'uo

161 2645 171 2660 ·
256 2627 519 2698 Chatramatitae‚
542 2625 683 2688 diversos
699 2640 843 2691 auctoree
860 2627 982 2691 secutus
997 2625 1071 2698 elle.
1099 2629 1154 2709 qui
1170 2626 1299 2690 diversa

255 2729 397 2792 cundem
413 2728 570 2810 populum
585 2727 768 2800 efferebant.
797 2744 830 2790 et
842 2729 1118 2802 Chatramitarurn.
1142 2731 1195 2792 vel
1209 2731 1299 2791 Atra·

255 2831 407 2894 mitarurn
429 2831 523 2913 regio
540 2843 682 2913 porrecta
704 2831 748 2892 eil
764 2831 802 2893 ad
824 2831 934 2894 Canen
957 2833 1149 2915 emporium.
1202 2831 1300 2894 Cete-

255 2953 327 2993 rum
346 2933 482 2994 occurrit
495 2934 592 2996 etiam
608 2932 642 2992 in
657 2933 690 2994 S.
704 2933 737 2995 S.
753 2934 837 3015 apud
852 2933 1055 2995 Ezechielem
1073 2947 1131 3002 97.
1148 2946 1207 3012 95.
1244 2933 1299 2994 De

255 3034 316 3095 fitu
336 3035 496 3096 hodierno
513 3034 552 3096 cf.
571 3031 733 3119 Biilching
755 3034 792 3097 P.
811 3047 845 3114 5.
862 3037 902 3098 T.
925 3055 952 3097 r.
971 3055 1003 3116 p.
1020 3053 1063 3096 m.
1081 3035 1167 3113 699.
1203 3033 1298 3094 Man·

255 3149 328 3200 nert
349 3138 382 3198 in
401 3134 518 3222 Geogr.
540 3135 611 3200 Vol.
629 3131 662 3200 6.
680 3135 720 3200 P.
739 3155 769 3198 r.
788 3155 820 3220 p.
842 3151 922 3216 rofi.
948 3135 1070 3218 quaerit
1092 3153 1192 3220 prope
1208 3127 1298 3218 'Gap

254 3237 425 3304 Farrastoe.

255 3451 257 3458 “
332 3438 515 3524 Arabio)
556 3434 712 3529 Ἀραβίας
731 3434 882 3531 ἐμπόριον
897 3441 1074 3504 Homeritia
1089 3439 1202 3503 tribuit
1218 3440 1294 3504 Pto·

255 3545 395 3608 lemeeue
412 3544 446 3614 6,
465 3559 497 3614 7.
533 3544 716 3605 Homeritas
737 3537 1007 3605 nurneroliffimoe
1027 3542 1086 3604 elle
1111 3538 1237 3606 Plinius
1260 3544 1294 3615 6.

258 3661 317 3724 39.
335 3645 357 3711 i.
375 3655 432 3721 98.
449 3647 482 3706 in
497 3644 609 3708 Arabia
626 3641 710 3705 felici
726 3642 838 3716 scribit.
859 3645 961 3727 iieque
975 3635 1120 3734 Maffirla
1134 3645 1295 3728 oppidum

256 3747 387 3819 tribuit,
424 3747 512 3829 quod
544 3747 675 3808 videtur
708 3745 875 3808 Harduino
906 3744 966 3808 elle
991 3746 1169 3808 Ptolemaei
1193 3747 1228 3816 6.
1259 3761 1293 3821 7.

155 3850 156 3853 ’
255 3843 448 3920 Mamali«.
475 3851 547 3930 qnia
565 3861 697 3929 uterque
713 3847 746 3908 in
762 3847 999 3911 mediterraneis
1015 3847 1108 3918 locat,
1134 3849 1293 3910 renitente

257 3951 387 4034 quidem
412 3951 549 4014 Cellario
574 3951 608 4011 in
632 3946 750 4034 Geogr.
772 3963 838 4012 ant.
856 3963 888 4029 3,
916 3959 970 4028 14,
993 3949 1053 4027 63.
1105 3947 1233 4032 Nempe
1254 3969 1293 4012 ex

256 4069 465 4115 numerorum
485 4067 562 4115 nota
582 4052 685 4114 finum
709 4051 867 4115 Perlicum
890 4053 925 4112 in
953 4051 1139 4113 Ptolemaeo
1167 4049 1295 4133 spectat.

256 4155 308 4219 De
325 4153 501 4218 Homeritir
523 4165 650 4227 eutem,
678 4171 758 4237 quoe
779 4153 862 4219 male
880 4169 919 4217 ex
940 4151 1103 4218 Marciano
1126 4147 1293 4220 Αἰθιόπων
