2696 4896
17 453 18 476 ³
140 447 486 507 mmmmm.
528 447 638 504 nm.
679 445 772 510 αν.
814 447 893 518 te.
980 461 1039 524 ¹57

32 625 170 694 Armenia,
195 624 281 685 unde
298 625 332 684 in
349 622 513 705 planitiem
529 621 656 692 incidit,
681 639 763 701 qnae
778 619 820 681 est
836 622 918 681 inter
933 619 1041 684 Arme·

17 733 96 792 'tiam
111 741 141 788 et
157 726 365 795 Colchidem‚
394 739 462 785 tum
487 743 541 806 per
558 723 722 784 Albaniam
746 723 829 785 fluit.
882 723 967 784 Hinc
987 725 1041 785 rel

17 827 19 872 J
37 829 224 891 itArmeniae
239 841 272 888 et
297 827 443 888 Albaniae
458 825 596 886 confinio
612 824 734 886 eorsum
757 835 870 886 notant
886 835 1041 896 auctora,

35 933 109 992 reloti
123 931 184 990 Dio
201 925 258 1008 56.
277 930 336 1004 36.
354 943 386 988 et
404 943 460 1007 37.
490 941 547 1003 37,
571 940 603 1005 5.
630 926 832 988 Ptolemaeus
851 939 882 1003 5.
907 943 961 990 ra.
985 939 1040 1005 15.

34 1033 70 1092 rel
86 1033 174 1092 etiarn
191 1031 360 1092 Armeniae
381 1044 412 1089 et
438 1029 590 1098 tberiae..
609 1031 657 1088 uti
673 1028 784 1089 Strabo
799 1027 853 1088 lib.
877 1049 905 1091 t.
925 1049 956 1110 p.
978 1037 1041 1108 42.

33 1131 108 1194 ibt.
141 1152 192 1194 tt.
215 1153 246 1214 p.
267 1145 352 1210 339.
377 1129 503 1210 [491.
535 1129 620 1191 Plin.
640 1132 672 1199 6,
697 1141 749 1206 ¹5·
772 1124 867 1208 [13.
900 1129 1040 1199 Ptolem.

34 1245 57 1310 5.
73 1249 120 1294 to.
167 1234 203 1293 In
228 1230 321 1293 cursu
346 1233 460 1314 exeipit
484 1233 602 1292 multos
620 1232 698 1292 alioa
713 1249 831 1298 amnes.
858 1231 1042 1314 (Appianue

33 1333 153 1394 Mithrid.
171 1355 237 1414 cap.
261 1337 365 1412 ¹⁰3·)
390 1330 555 1414 inquibus
578 1330 649 1392 sunt
673 1333 756 1414 apud
771 1333 960 1394 Strabonem
983 1351 1039 1396 tt.

33 1453 56 1516 p.
68 1445 137 1514 344.
157 1431 175 1496 s.
193 1445 283 1512 500.
297 1433 451 1504 Arraborr.
475 1432 600 1518 (Codri.
616 1439 771 1512 Arragan,
794 1432 858 1514 ipse
877 1433 945 1516 post
961 1436 1042 1497 Ara·

33 1557 77 1614 gos
95 1537 179 1596 habet
203 1521 255 1598 de'
267 1535 404 1618 eodem)
439 1536 622 1604 Alazonios,
649 1535 775 1612 (Plinio
795 1535 827 1605 6,
854 1553 909 1598 tt.
935 1534 956 1598 s.
985 1553 1041 1599 to.

35 1637 146 1712 Alazon)
171 1636 390 1706 Sandobanes,
410 1639 565 1698 Maraces
579 1650 611 1698 et
629 1637 764 1704 Chanes,
787 1656 900 1698 omnes
916 1637 1043 1720 naviga·

36 1736 102 1806 biler,
122 1737 231 1819 quibus
248 1759 290 1801 eat
303 1739 409 1801 Plinio
425 1759 451 1799 c.
470 1740 494 1800 l.
512 1739 585 1800 addi
602 1737 699 1818 potest
723 1735 833 1798 Iberus
855 1752 886 1799 et
908 1743 1041 1808 Araxes.

37 1837 64 1898 de
76 1859 128 1920 qno
140 1854 227 1901 antea
244 1841 325 1902 dixi.
363 1839 493 1900 Labitur
509 1837 642 1920 copioso
659 1841 745 1918 aquia
762 1859 816 1918 per
837 1857 965 1921 campos
982 1837 1042 1900 set·

37 1941 96 2002 tiiea.
113 1941 235 2023 (Strabo
258 1963 271 2004 t
286 1962 315 2005 t.
328 1962 359 2022 p.
372 1939 486 2020 5441.
499 1937 597 2019 500.)
626 1940 710 2002 Ostia
724 1940 791 2002 eiua
805 1939 938 2002 omnino
956 1961 1043 2000 com·

37 2057 163 2103 memorat
177 2043 385 2105 Ptolemaeus
402 2056 434 2120 5,
458 2057 512 2122 13.
550 2043 632 2112 Alii,
655 2056 690 2101 ot
706 2041 819 2104 Strabo
840 2061 894 2106 tt.
910 2063 942 2123 p.
957 2051 1043 2122 545.

37 2137 133 2216 [501.
158 2146 323 2226 Appianas
338 2165 363 2206 c.
381 2144 401 2204 l.
431 2159 474 2207 ια
498 2155 763 2205 commemorant.
813 2143 912 2206 Addit
931 2143 1044 2206 Strabo

38 2243 220 2323 inposteriori
246 2248 338 2315 loco,
360 2259 492 2306 nantum
514 2245 605 2306 stmui
627 2263 701 2306 eum
720 2245 789 2304 limi
814 2245 982 2316 evolvere,
1006 2257 1044 2305 ttt

39 2360 138 2425 aggeres
159 2346 245 2410 litori
276 2346 491 2428 praestruxerit
516 2361 548 2408 et
572 2349 699 2430 exiguae
722 2345 836 2408 infulas
863 2347 1045 2407 continenti

39 2445 204 2510 rdneruerit.
260 2449 366 2509 Hodie
383 2463 513 2508 vocatur
530 2447 615 2517 Kar,
641 2449 692 2509 rel
708 2447 792 2528 quod
811 2445 904 2509 babet
920 2449 1044 2509 Stritte·

37 2561 74 2604 rua
92 2548 121 2606 in
142 2551 307 2612 memoriis
337 2548 529 2633 populorum
554 2548 586 2608 in
610 2549 716 2610 indice
741 2549 856 2633 Geogr.
884 2548 937 2609 [ub
959 2549 991 2612 h.
1008 2570 1042 2612 v.

40 2645 140 2710 tant
158 2653 235 2712 θῦν.
266 2653 316 2712 De
333 2655 402 2711 eitra
418 2671 490 2710 cum
507 2653 605 2712 Araxe
623 2650 849 2712 coniunctione
866 2647 964 2730 snpra.
995 2652 1045 2712 De

40 2745 87 2824 ipio
99 2750 175 2827 Cyro
196 2755 294 2814 etiam
319 2773 355 2813 ex
377 2755 591 2814 recentiorum
612 2749 842 2816 narrationibus
860 2753 959 2813 multa
976 2751 1044 2814 ‹titt-

40 2862 124 2928 grnter
135 2855 277 2940 conlegit
290 2855 478 2916 Lt'inemann
493 2873 525 2935 p.
542 2869 601 2916 22.
615 2873 642 2918 tt.
660 2855 682 2918 l.

96 3047 336 3147 Cambyses)
387 3057 442 3118 Gr.
459 3050 651 3144 Καμβύσης.
687 3058 928 3126 Commemorat
945 3059 1043 3120 etiam

38 3144 100 3212 Ptin.
119 3157 148 3225 6.
170 3171 226 3234 15.
242 3157 264 3220 f.
287 3171 340 3238 13.
362 3158 395 3217 in
414 3159 616 3229 fluminibus.
646 3180 726 3242 quae
749 3179 804 3241 per
825 3160 989 3220 Albaniam
1009 3161 1044 3218 in

40 3267 103 3314 mare
122 3257 304 3320 decurrunt.
355 3258 506 3322 Direriot
526 3261 621 3321 etiam
645 3259 718 3324 facit
734 3258 855 3331 fontem
880 3257 1044 3338 Cambysre

40 3347 175 3422 eiuratio.
201 3375 345 3432 montes,
379 3361 455 3439 Cyri
478 3362 657 3426 Coraxicoa.
709 3362 892 3424 Harduioue
912 3361 952 3422 ad
970 3379 997 3422 c.
1020 3360 1043 3422 l.

41 3447 214 3534 [aspiratura
237 3462 420 3523 Ptolemaeo
439 3475 470 3540 5.
495 3481 528 3542 9.
557 3465 660 3524 vocari
684 3459 834 3538 Σοάνας,
867 3463 922 3525 etst
948 3461 1045 3524 nimia

41 3549 79 3613 bic
91 3559 169 3622 dissat
185 3583 202 3624 a
220 3562 307 3624 curso
325 3563 375 3624 hic
391 3579 519 3632 notato,
546 3579 577 3624 et
594 3563 650 3627 suo
672 3565 750 3627 ortto
766 3567 798 3625 in
814 3585 898 3626 mare
918 3563 1043 3624 evolvi·

41 3663 86 3716 tur.
114 3661 198 3724 Idem
221 3678 325 3725 tamen
344 3667 375 3734 6,
394 3681 426 3726 2.
445 3667 477 3724 in
493 3665 597 3726 Media
618 3679 848 3728 commemorat
865 3685 938 3725 cum
954 3663 1043 3744 Cyro

41 3752 190 3840 Cambysen
207 3767 322 3836 etiam,
350 3765 398 3827 [ed
415 3769 468 3846 qni
486 3765 547 3828 [nia
567 3767 651 3830 ottitr
669 3765 820 3836 effluunt,
848 3785 906 3827 nec
920 3766 982 3826 huc
997 3785 1042 3828 re·

42 3851 95 3918 ferri
118 3867 248 3944 poliunt.
300 3868 352 3927 Sic
378 3869 544 3930 Strabonis
573 3871 714 3950 epitome
742 3887 811 3952 pag.
840 3877 918 3947 148.
943 3868 1040 3948 (edit.

41 3953 135 4041 Horis.)
154 3960 223 4054 περὶ
240 3959 297 4030 τὸν
315 3963 499 4056 Καμβύσην
522 3971 603 4030 locat
616 3983 745 4054 gentem
762 3967 903 4052 Caspiom
920 3971 1043 4034 citerio-

43 4073 90 4119 rem
108 4080 136 4126 et
157 4069 297 4132 Cadusiis
317 4072 507 4150 proximam.
555 4071 672 4132 Erraffe
695 4072 811 4132 Melam
833 4073 896 4132 iam
918 4067 1042 4134 Voss'tue

44 4155 142 4242 brun,
167 4173 234 4237 rid.
255 4189 344 4236 mox.
396 4172 547 4238 Ceterum
570 4175 678 4259 paucis
695 4173 825 4240 mutatis
840 4173 921 4240 bane
936 4173 1041 4236 Melae
