2734 4908
297 445 357 508 166
564 431 741 507 norae
762 447 1066 507 execarrcan

299 635 407 685 contra
424 635 517 704 atque
539 621 682 685 Holilen.
704 621 742 684 acl
763 621 961 703 Stephanum
985 643 1018 705 p.
1038 633 1097 700 59.
1148 621 1232 686 inde
1258 643 1347 686 vero

302 723 322 782 11
342 742 404 803 qua
421 723 599 786 commistio
615 726 649 784 in
670 724 758 786 tibris
774 723 941 794 obiicitur,
968 742 1041 784 vera
1062 723 1155 785 lectio
1172 725 1347 785 diiudicat

302 824 414 907 potest.
465 825 627 906 Europaei
651 827 739 886 enim
756 823 848 886 Daci
869 823 890 885 l.
905 824 1024 886 Docere
1046 822 1145 886 solent
1167 825 1244 896 dici.
1298 829 1350 887 A·

209 945 212 972 ¹
304 926 465 996 Pontum,
503 925 607 988 nelcio
637 947 700 1008 quo
725 928 814 998 inre,
848 927 1017 989 conlocant
1047 945 1146 1008 prope
1179 925 1335 1006 Chalybe

305 1027 408 1090 Solin.
425 1047 452 1088 c.
469 1041 528 1091 9ο.
546 1026 567 1090 1.
591 1039 644 1105 15.
667 1041 700 1090 et
713 1027 873 1090 Ammian.
892 1043 950 1096 22,
967 1037 1000 1102 8.
1015 1047 1046 1108 p.
1061 1047 1105 1088 m.
1125 1039 1210 1106 941.
1248 1031 1344 1092 inno

308 1139 437 1188 tuerunt
457 1130 597 1190 maxime
614 1129 781 1190 Alexandri
803 1131 1024 1210 expeditione,
1058 1147 1075 1190 a
1098 1149 1161 1210 quo
1185 1130 1292 1192 victos
1314 1149 1340 1191 e

307 1227 451 1290 subactor
473 1227 570 1301 luill'e,
601 1245 725 1292 narrant
744 1230 861 1312 plures.
912 1233 961 1291 De
980 1230 1107 1291 illorum
1128 1230 1275 1292 moribus
1292 1232 1366 1291 ali·

308 1351 368 1412 qna
399 1345 512 1391 notant
541 1347 697 1394 auctores.
750 1331 931 1392 Indomitos
956 1343 1049 1392 vocat
1077 1330 1189 1415 Virgil.
1212 1332 1292 1395 Aen.
1313 1342 1366 1408 8,

311 1443 394 1508 793.
423 1422 655 1504 ἱπποτοξότας
672 1433 805 1515 Appian.
824 1435 890 1510 Syr.
907 1453 973 1512 cap.
991 1447 1050 1510 39.
1076 1433 1192 1514 equites
1202 1423 1333 1522 sagitt

310 1533 374 1594 rios
391 1533 462 1596 Liv.
481 1549 538 1613 37,
552 1543 612 1610 4ο,
629 1544 661 1609 8.
690 1533 879 1595 ioculatores
900 1536 1019 1614 peritos
1038 1533 1151 1596 Suidas
1169 1532 1189 1595 l.
1206 1555 1239 1600 v.
1258 1531 1365 1617 ἁγα-

309 1627 386 1708 ota,
417 1635 510 1697 binoo
530 1633 567 1696 ab
591 1629 680 1718 eqnio
703 1639 739 1698 in
760 1631 892 1719 proeliis
907 1648 1017 1697 vector
1037 1633 1115 1705 effe,
1143 1633 1248 1698 leribit
1265 1635 1364 1698 Cur·

307 1735 426 1814 111117,
450 1752 483 1814 7,
509 1751 568 1817 39.

383 1925 425 1966 os
450 1905 615 1988 aperit)
655 1907 697 1968 H.
715 1907 736 1968 l.
756 1908 795 1970 de
811 1907 904 1976 ollio,
928 1926 1002 1968 cum
1017 1906 1091 1968 eliae
1108 1905 1241 1968 eandem
1257 1906 1346 1967 locu

310 2005 436 2070 tionem
454 2022 485 2088 5,
510 2019 543 2085 8,
567 2019 626 2089 35.
651 2009 801 2072 adhibeat
823 2010 863 2072 de
886 2007 975 2071 fonte
999 2009 1112 2080 fluvii,
1151 2021 1187 2068 ut
1213 2006 1363 2072 curou·

311 2104 344 2178 6,
367 2118 403 2188 4,
428 2125 462 2186 7.

462 2281 492 2358 §.
516 2295 551 2356 7.
602 2275 997 2360 clia-verumct)
1041 2277 1268 2349 1711111196,
1289 2277 1329 2342 6.

390 2447 546 2529 tigres)
584 2448 690 2511 Notus
708 2450 739 2510 in
757 2449 837 2510 hene
854 2467 923 2510 rom
939 2447 1048 2510 verino
1061 2449 1252 2532 virgilianus
1266 2447 1358 2512 Aen.

313 2551 349 2622 4,
369 2549 451 2622 367.
471 2550 701 2633 Hyrcanaeque
722 2550 893 2611 admorunt
909 2547 1000 2610 ubero
1022 2550 1127 2629 tigres,
1155 2549 1194 2610 de
1212 2549 1357 2611 homine

313 2643 382 2707 fero
398 2665 430 2709 et
443 2651 536 2714 duro.
571 2651 706 2714 Notavit
721 2653 816 2713 etiarn
834 2653 1009 2730 Hyrcaniae
1024 2652 1118 2735 tigres
1134 2651 1215 2711 Plin.
1233 2661 1266 2727 8.
1290 2664 1358 2728 95.

315 2741 411 2824 [13.
443 2750 499 2810 ubi
521 2753 654 2814 eandem
675 2753 771 2814 habet
791 2755 1017 2813 narrationem.
1062 2749 1113 2814 Cf.
1135 2753 1212 2813 Stat.
1234 2753 1355 2814 Theb.

315 2863 350 2925 9·
370 2863 423 2926 ¹5.
452 2853 618 2917 Claurlian.
634 2856 673 2915 de
687 2869 777 2935 raptu
798 2853 937 2934 Proserp.
957 2867 988 2930 3,
1005 2850 1088 2929 963.
1114 2851 1169 2912 ubi
1184 2853 1262 2914 elios
1280 2873 1361 2934 pro·

315 2948 405 3010 ducit
420 2953 577 3018 Barthiue.
612 2957 700 3018 Adde
717 2957 872 3017 Ammian.
892 2969 949 3032 93,
967 2957 1000 3017 6.
1016 2975 1049 3036 p.
1062 2975 1106 3016 m.
1125 2969 1208 3033 991.
1250 2957 1359 3017 111110·

314 3053 379 3110 tuit
403 3052 503 3116 beiliis
525 3055 620 3118 laevis
644 3059 799 3136 Hyrcania
821 3059 973 3125 omnino,
1006 3055 1093 3116 unde
1115 3055 1301 3118 Lactantius
1323 3067 1359 3133 5.

316 3169 376 3224 10,
392 3166 427 3233 4.
450 3178 530 3240 quae
549 3159 716 3240 Hyrcania
738 3171 806 3219 tarn
830 3159 998 3226 irroratus,
1031 3169 1099 3217 tam
1113 3147 1358 3245 sanguinarias

314 3273 453 3337 murem
477 3255 589 3350 bestias
608 3260 714 3322 elicit?
761 3261 823 3322 Sed
842 3271 892 3327 ει,
910 3259 996 3339 quod
1013 3271 1097 3319 recte
1115 3257 1197 3319 Mela
1215 3259 1358 3336 indicat,

315 3365 402 3418 totus
425 3358 478 3420 ille
500 3373 650 3422 terrarum
669 3373 784 3421 tractus
804 3361 842 3420 ad
861 3377 945 3420 mare
961 3357 1109 3439 Caspium
1127 3357 1200 3418 ferie
1224 3357 1356 3421 loetuit.

314 3455 402 3518 Hinc
420 3452 542 3549 Caspia
559 3463 651 3542 tigris
667 3461 852 3523 Maximian.
869 3461 948 3544 eleg.
964 3479 992 3530 1,
1010 3474 1093 3533 979.
1131 3449 1255 3549 Caspia
1270 3452 1359 3550 fera

314 3555 432 3620 Seneca
450 3561 544 3625 Herc.
568 3563 641 3625 Oet.
665 3583 697 3623 v.
718 3574 798 3641 145.
832 3562 992 3623 Armeniae
1012 3563 1108 3642 tigres
1128 3561 1249 3623 Tibull.
1267 3576 1302 3640 3.
1320 3564 1354 3633 6,

321 3670 376 3735 15.
403 3662 513 3746 Virgil.
534 3665 631 3747 eclog.
650 3674 683 3740 5,
703 3679 759 3742 99.
791 3662 934 3744 Properr.
958 3683 987 3733 ι,
1008 3679 1040 3742 9,
1064 3679 1117 3740 ¹9·
1147 3661 1245 3724 Ovirl.
1268 3664 1352 3725 Met.

316 3769 350 3836 82
371 3777 451 3826 191.
490 3762 542 3828 cf.
558 3762 755 3828 Wernedori.
771 3765 809 3824 ed
824 3778 910 3845 poet.
930 3765 997 3825 Lat.
1014 3765 1131 3825 minor.
1146 3765 1187 3824 T.
1204 3763 1236 3826 6.
1256 3763 1295 3825 P.
1321 3783 1351 3828 ι.

313 3880 386 3944 pag·
406 3867 488 3943 316.
541 3867 647 3928 Hodie
665 3869 761 3927 etiarn
784 3865 818 3925 in
839 3866 878 3926 iio
897 3865 1082 3948 regionibus
1097 3863 1193 3948 tigres
1207 3865 1354 3926 inveniri

313 3962 601 4039 testatuerelin,
634 3970 688 4050 qui
712 3968 766 4029 illa
790 3967 961 4028 locaerliit.
1014 3967 1166 4028 Ceterum
1183 3965 1351 4027 Romanoa

313 4059 371 4122 iub
387 4065 529 4149 Augusto
547 4073 659 4153 tigrem
674 4073 707 4131 in
723 4068 809 4130 scene
830 4069 1016 4150 productam
1030 4071 1172 4151 primum
1189 4063 1347 4150 [pectalle.

312 4179 415 4228 narrat
429 4157 497 4232 Dio
515 4182 574 4252 54,
592 4189 626 4250 9.
652 4171 709 4232 ubi
724 4172 790 4233 rid.
807 4170 978 4234 Fabricius.
