2650 4896
134 385 353 445 mooun
381 383 489 442 nar.
531 384 640 443 arn.
682 385 803 448 ovat
842 385 920 458 tr.
989 395 1049 466 ⁸39

24 581 113 628 naue
133 555 232 626 facile
253 558 366 623 docet.
411 555 466 623 Sic
487 559 528 622 ab
551 554 642 622 India
661 557 808 643 separant
827 554 926 622 etiam
947 557 1048 644 polle·

22 663 128 735 riores,
160 658 213 724 uti
239 657 401 745 Vopiscua
427 657 463 722 in
493 657 671 723 Aureliano
698 681 767 744 cap.
788 671 849 740 4¹·
901 661 1049 744 ipsorum

22 762 98 848 regio
119 760 245 826 dicitur
263 763 389 834 Serico,
415 781 514 847 quem
529 776 678 826 veterum
694 761 780 823 lolua
799 776 832 824 et
851 758 979 846 primur
995 763 1049 824 de-

22 862 127 948 leriplit
139 865 289 928 Ptolem.
301 865 335 935 6,
358 865 412 926 16.
447 859 516 946 Qui
532 859 568 924 in
583 861 720 946 lolepho
736 859 860 948 antiqu.
876 863 948 927 lud.
969 887 998 935 a.
1016 881 1046 927 a.

22 971 81 1046 (3.)
96 965 117 1026 f.
138 968 259 1048 legunt
276 965 320 1050 γῆ
342 959 479 1054 Σηριᾰς,
512 960 570 1026 ubi
600 978 677 1025 nota
702 961 793 1028 Sethi
819 966 972 1026 columna
994 985 1048 1026 ex·

21 1063 112 1130 ditille
133 1062 280 1138 dicitur,
314 1065 462 1128 referunt
482 1063 523 1126 ad
551 1061 697 1128 Sericam
724 1059 912 1147 regionem,
948 1081 981 1128 et
1006 1067 1048 1130 lic

24 1192 48 1240 ι,
69 1164 100 1240 6,
119 1171 187 1246 (7)
209 1177 247 1248 4.
284 1163 388 1228 veluti
406 1165 533 1228 Reland
556 1162 592 1226 in
613 1163 789 1228 Palaestina
816 1187 846 1238 r,
867 1179 925 1244 53.
950 1183 983 1230 et
1006 1167 1048 1230 ad

21 1267 131 1352 loseph.
147 1287 176 1330 c.
197 1269 221 1329 l.
279 1268 344 1332 Sed
364 1265 503 1330 dubium
518 1263 555 1328 id
575 1263 701 1329 iaciunt
720 1282 752 1328 et
766 1263 931 1330 incertum
948 1265 1047 1330 libro·

19 1390 82 1430 nun
120 1365 350 1453 discrepantia
389 1369 627 1454 doctorumque
665 1365 814 1430 virorum
855 1365 1045 1448 sententiae,

23 1468 98 1554 quod
113 1489 151 1531 ex
172 1465 216 1532 iia
239 1471 394 1553 adparet,
421 1489 505 1554 quae
520 1469 559 1530 ad
579 1485 756 1553 utrumque
776 1472 886 1532 locum
902 1463 1048 1553 conlegit

20 1570 150 1632 Hudlon.
204 1573 261 1634 De
278 1573 337 1632 fito
350 1567 511 1632 hodierno
528 1567 672 1653 disputat
692 1591 732 1631 ex
747 1567 819 1632 aliie
835 1567 936 1634 etiam
952 1571 1047 1633 d'dn·
1175 1606 1179 1612 ⁴

23 1669 88 1732 ville
107 1693 139 1754 p.
158 1690 246 1736 ooo.
266 1693 295 1735 c.
316 1674 338 1734 l.
369 1673 579 1755 tabulamque
603 1686 749 1733 veterem
774 1687 806 1734 et
826 1668 1047 1734 recentiorem

23 1769 234 1854 eomparavit,
260 1769 437 1858 exquibus
453 1769 605 1843 discitur,
627 1791 695 1834 non
711 1769 746 1834 in
762 1769 829 1857 ipsa
846 1771 965 1846 China,
993 1771 1047 1834 led

25 1891 122 1955 prope,
148 1870 260 1936 immo
279 1873 371 1957 lupra
383 1871 536 1945 Chinam,
558 1888 692 1956 excepta
712 1871 848 1957 regione
868 1873 967 1937 Sciron
979 1871 1046 1965 ·st.

24 1974 234 2056 quaerendam
252 1975 315 2037 elle
328 1971 473 2038 Sericum
486 1971 676 2036 Ptolemaei.
712 1973 762 2038 cf.
781 1971 879 2036 etiam
897 1971 1048 2037 einedem

26 2075 202 2138 rechercher
227 2076 283 2138 sur
305 2077 335 2138 la
356 2073 493 2160 serique
515 2075 571 2140 dee
591 2072 724 2137 anciena
746 2073 782 2138 in
800 2073 977 2140 Memoiree
995 2109 1048 2126 -

26 2173 59 2234 de
73 2173 158 2238 Paria
173 2179 215 2240 T.
234 2193 294 2254 32.
312 2198 345 2260 p.
363 2190 435 2258 573
453 2177 518 2262 qu.
571 2177 665 2263 Σῆρα
683 2171 886 2266 μητρόπολις
903 2197 1053 2246 omnmo.

28 2291 157 2338 moratur
164 2279 257 2360 apud
265 2279 404 2342 Ptolem.
421 2299 449 2339 c.
465 2279 485 2340 l.
508 2292 541 2340 et
555 2297 572 2338 a
588 2274 764 2340 d’dnvillio
780 2275 1046 2342 h.crediturel1e

28 2369 233 2469 lien-tscheu.
271 2381 312 2441 At
326 2379 483 2463 lllaproth
505 2375 591 2464 (vid.
606 2379 692 2441 Zacla
711 2377 915 2442 Monatliche
931 2381 1046 2444 Corre-

28 2474 176 2558 lpondenz
191 2481 230 2543 P.
253 2503 282 2541 r.
297 2499 369 2563 pag.
387 2476 493 2562 427.)
514 2493 618 2562 putat,
641 2477 854 2542 d’dnvillium
871 2480 1047 2564 deceptum

29 2570 93 2638 lello
112 2581 207 2642 curlu
231 2582 376 2643 duorum
397 2578 576 2642 fluviorum
592 2577 627 2641 in
649 2579 844 2644 Mercatoria
865 2579 985 2644 tobalia
1005 2581 1047 2645 ed

30 2675 260 2753 Ptolemaeum.
291 2697 403 2745 contra
426 2700 465 2744 ac
482 2683 604 2745 Graeca
625 2679 792 2754 indicent,
824 2684 912 2744 male
934 2685 1046 2746 conlo·

32 2777 105 2840 calle.
149 2782 221 2864 lpse
240 2780 351 2866 ponit,
383 2779 441 2844 obi
464 2783 496 2844 h.
517 2779 663 2844 cernitur
683 2773 906 2874 Lan-escam.
951 2785 1046 2868 Quae

33 2874 65 2936 de
87 2880 216 2945 Seribua
238 2881 465 2946 memorabilia
489 2879 693 2966 praedicant,
734 2881 811 2970 quia
834 2883 948 2947 Noller
968 2905 1047 2948 cum

33 2976 106 3042 ludia
127 2982 353 3057 commiscuit,
379 2985 436 3046 luo
457 2985 531 3046 loco
556 3003 768 3068 exponemus.
808 2981 970 3047 Immania
992 3004 1046 3046 eo·

33 3096 92 3141 mm
106 3097 136 3144 et
149 3085 310 3148 Indorum
327 3105 465 3170 corpora
483 3081 652 3170 vitamque
675 3088 868 3170 longaevam
883 3100 1046 3148 memorat

34 3177 134 3244 Cteliaa
159 3182 196 3248 in
222 3184 415 3272 fragrnentia
445 3181 569 3248 indicia
593 3205 665 3269 pag.
681 3188 764 3262 361.
789 3187 830 3248 ad
852 3185 904 3250 ed.
921 3187 1044 3250 Herod.

34 3279 196 3370 Welleling.
238 3288 394 3352 Ceterum
415 3283 582 3350 aSeribua
604 3287 725 3348 Sericus
747 3285 892 3350 Oceanus
912 3283 1046 3359 dicitur.

37 3378 82 3462 qui
99 3385 138 3446 eir
155 3387 346 3470 Scythicae,
369 3390 423 3452 vel
444 3383 514 3451 eiua
537 3407 621 3472 part.
662 3387 732 3450 tad.
754 3389 871 3474 Geogr.
895 3387 1044 3454 misena.

35 3489 62 3556 52
83 3497 133 3562 28.
158 3507 216 3572 99.
243 3519 294 3537 ¹-

95 3693 240 3779 genus)
288 3695 313 3758 1.
336 3713 364 3756 c
385 3711 472 3775 gon.
507 3688 753 3765 vid.1,16‚a.

98 3909 140 3952 aaa
167 3892 432 3978 commercio)
486 3893 612 3956 Eadem
638 3910 672 3957 et
703 3889 760 3955 alii
786 3887 877 3956 varie
902 3891 1045 3956 uadunt.

40 3979 108 4050 Plio·
124 3993 154 4064 6.
172 4015 227 4060 oo.
244 3997 265 4060 s.
287 4012 341 4074 17.
362 3995 449 4058 oms
469 3997 562 4057 mites
581 3995 721 4078 quidem,
739 3986 802 4086 fid
819 4007 850 4056 et
869 3991 947 4085 ipsas
957 3985 1048 4088 feris

39 4083 186 4181 Wstmilrs
208 4110 330 4163 coenent
355 4095 544 4184 reliquorum
565 4095 748 4162 mortalium
768 4087 927 4189 fugiant.
963 4114 1048 4160 aare
