2650 4896
283 403 348 468 roe
554 395 717 458 norea
756 375 1061 458 exe'oarrcan

284 594 326 638 ex
351 590 391 638 eo
417 568 567 636 Priscian.
594 591 629 636 v.
652 582 738 656 994.
764 585 798 636 et
823 571 939 637 brien.
960 593 995 636 r.
1017 573 1123 652 1286.
1162 572 1315 638 Nearchus

284 697 318 762 p.
340 694 395 739 ιι.
420 689 480 739 21.
513 672 676 756 Theophr.
699 673 768 737 bill.
792 675 924 758 plantat.
945 686 982 754 4,
1004 685 1039 753 5.
1055 673 1078 736 s.
1102 675 1260 738 Plutarch.
1284 677 1314 738 itt

284 777 376 843 Alex.
391 796 418 840 c.
436 777 496 852 67.
523 776 642 838 drrian.
666 775 706 838 de
721 794 794 859 exp.
809 776 899 838 Alex.
915 777 948 848 6,
969 795 1024 838 aa.
1043 791 1078 840 et
1091 777 1178 847 alibi.
1202 777 1313 841 delion.

285 879 331 942 Η.
346 880 383 941 Α.
406 892 460 954 17.
478 877 512 942 6.
547 876 727 942 Marcianue
747 879 781 938 in
805 878 927 961 periplo
949 899 981 960 p.
1005 889 1109 956 14.et
1127 878 1313 942 alibi—ex

286 979 409 1044 Latinio
432 979 555 1040 Pliniua
571 979 603 1048 6,
621 992 679 1058 25.
697 977 717 1042 s.
736 993 795 1044 21.
816 994 850 1042 et
868 978 961 1051 alibi.
992 979 1122 1042 Orosius
1140 995 1174 1058 3.
1191 994 1245 1059 23.
1269 1009 1312 1024 ·-

285 1082 349 1147 Per
362 1083 393 1140 li
406 1079 685 1142 efferuntDiodor.
699 1093 731 1160 5.
745 1091 800 1156 15.
825 1091 879 1158 aa.
894 1093 927 1160 5.
945 1079 1155 1163 (ubiquidam
1164 1081 1311 1159 eonor)

293 1199 348 1259 17,
365 1191 446 1264 104.
471 1180 715 1266 Agatharchides
727 1201 759 1264 p.
770 1195 828 1256 27.
839 1181 927 1267 (vot.
943 1201 971 1245 1.
988 1183 1105 1266 Geogr.
1118 1183 1196 1244 min.
1210 1181 1312 1262 fluat.)

288 1285 404 1350 Suidae
420 1284 451 1348 h.
469 1302 503 1346 v.
526 1282 583 1344 ubi
604 1277 703 1350 πόλις
720 1303 817 1364 prave
832 1296 973 1355 vocatur,
991 1299 1074 1346 certe
1090 1282 1231 1346 obscure.
1255 1285 1313 1346 Ste-

287 1387 412 1471 phanus
429 1398 597 1465 utramque
614 1382 797 1466 scriptoram
812 1382 913 1446 adfert
932 1383 986 1444 sub
1002 1386 1138 1447 vocibus
1154 1381 1312 1471 Fadptvoia.

288 1503 321 1552 et
337 1481 536 1574 lia'dpwo0m5
559 1499 671 1547 monet
686 1498 793 1548 tamen
809 1486 842 1546 in
857 1489 957 1568 priori
972 1485 1062 1556 loco.
1089 1484 1119 1548 se
1134 1488 1217 1569 apud
1233 1486 1313 1564 Poly·

287 1589 440 1652 historem
463 1584 709 1669 (Alexandrum,
730 1588 798 1650 vid.
820 1585 841 1648 s.
856 1608 888 1649 v.
905 1583 1098 1670 Korrtierov)
1121 1608 1177 1670 per
1191 1589 1220 1646 li
1237 1589 1313 1648 inre·

288 1691 384 1762 nisse.
409 1688 459 1748 sed
475 1689 618 1750 codicem
634 1709 699 1750 non
717 1686 787 1751 satia
803 1685 893 1750 soille
909 1691 1129 1753 emendatum.
1171 1691 1267 1750 immo
1281 1707 1314 1748 ex

290 1789 503 1874 superioribus
524 1793 668 1871 adparet,
701 1801 866 1872 utramque
887 1788 1067 1872 scripturam
1091 1792 1126 1850 in
1151 1788 1205 1851 usn
1227 1789 1312 1858 luisse.

290 1897 331 1958 de
354 1913 415 1976 qua
436 1892 503 1954 vid.
526 1893 623 1952 etiarn
648 1889 744 1953 Valel.
766 1896 804 1953 ad
829 1893 988 1955 Ammian.
1014 1905 1071 1970 23.
1095 1892 1131 1954 6.
1157 1913 1223 1975 pag.
1240 1901 1310 1966 285.

291 1995 435 2076 (Gron.)
456 2007 490 2055 et
506 1991 686 2077 Welseling.
701 1994 737 2052 ad
751 1993 885 2056 Diodor.
902 2007 935 2072 3.
958 2005 1011 2070 15.
1039 1993 1192 2055 Arrianus
1206 1994 1242 2053 ab
1256 1991 1312 2052 aliie

290 2099 331 2160 lic
349 2096 476 2164 recedit.
503 2107 539 2155 ut
559 2095 592 2152 in
612 2096 714 2175 prima
729 2092 842 2174 syllaba
858 2107 957 2176 ponat
972 2095 1150 2156 constanter
1168 2117 1200 2166 α,
1224 2093 1266 2152 nti
1280 2093 1311 2152 da

291 2201 406 2280 exped.
422 2196 511 2259 Alex.
529 2193 561 2266 6,
581 2210 640 2272 23.
667 2197 752 2277 quod
770 2200 850 2257 etin
866 2197 1025 2258 adiectivo
1042 2194 1126 2256 facit.
1168 2197 1247 2256 Hinc
1260 2194 1313 2253 ra·

292 2295 432 2388 dpwoiwv
457 2289 555 2384 χώρα
578 2312 612 2359 et
633 2298 674 2382 γῆ
700 2298 732 2368 6,
753 2309 811 2378 25.
831 2310 889 2376 25.
914 2317 971 2378 pro
991 2317 1056 2379 quo
1077 2293 1249 2384 Γεδρωσῶν
1264 2285 1311 2357 aso

291 2399 427 2480 Dionys.
446 2421 478 2462 v.
499 2399 604 2476 1036.
631 2419 726 2480 quem
750 2411 855 2460 tamen
878 2399 951 2460 ideo
973 2413 1063 2460 notat
1079 2399 1265 2482 Stephanus.
1286 2410 1312 2456 et

291 2497 458 2588 Γεδρωσία
473 2491 572 2586 χώρα
588 2500 707 2561 Aellart.
725 2499 766 2562 H.
784 2503 844 2562 Art.
867 2515 921 2571 17.
937 2501 970 2562 6.
1007 2503 1156 2581 Denique
1172 2502 1205 2560 in
1221 2499 1311 2560 Plinio

293 2603 328 2675 6,
348 2615 406 2678 25.
422 2601 443 2662 s.
458 2615 515 2676 23.
533 2601 683 2661 dicuntur
697 2602 793 2662 etiam
812 2596 955 2691 Gedrnfi.
976 2601 1095 2664 sirecte
1111 2602 1217 2663 habet.
1243 2598 1312 2659 Gen·

291 2705 349 2766 tile
364 2705 442 2764 item
457 2701 613 2762 variatur:
642 2698 985 2793 GedrostietGedrofi.
1020 2703 1103 2764 lllud
1115 2701 1271 2764 Nearchus
1283 2702 1311 2758 in

292 2805 420 2889 paraplo
441 2823 473 2884 p.
496 2823 550 2866 tt.
569 2818 626 2866 21.
643 2803 783 2882 (Huds.)
807 2803 918 2866 Strabo
939 2816 994 2880 15.
1011 2802 1313 2886 p.498.s.724.-·

296 2900 428 2995 Gedrosi
449 2901 580 2982 Dionys.
598 2925 631 2966 v.
651 2906 755 2982 1036.
784 2904 867 2968 Plin.
884 2906 917 2976 6,
935 2917 994 2984 25.
1010 2902 1031 2968 s.
1051 2921 1109 2968 αι.
1125 2919 1160 2968 et
1173 2904 1251 2966 alibi.
1281 2904 1311 2962 ln

294 3023 432 3087 utroque
463 3007 601 3066 variatur
627 3007 660 3067 in
692 3008 824 3068 Arriano
850 3007 890 3068 de
916 3007 1029 3089 expeti.
1058 3007 1146 3070 Alex.
1166 3009 1198 3076 6,
1222 3000 1310 3088 23lq.

296 3109 402 3193 Quare
425 3125 493 3170 non
515 3106 575 3177 est.
607 3108 692 3190 quod
717 3109 852 3169 miretur
867 3105 1045 3190 Stephanus
1061 3106 1083 3171 s.
1104 3129 1138 3170 v.
1154 3100 1310 3194 responso·

294 3229 351 3272 cur
374 3206 546 3288 Dionysius
569 3206 727 3290 Gedrosoa
751 3199 969 3270 declinaverit.
1030 3209 1144 3292 Aptius
1167 3224 1264 3270 tamen
1285 3217 1312 3266 et

293 3313 395 3396 magis
416 3311 544 3392 proprie
566 3310 740 3372 dicendum
757 3309 817 3373 else
835 3322 945 3372 monet
966 3309 1110 3374 Eustatb.
1133 3313 1173 3373 ad
1195 3303 1310 3386 Dionys.

295 3432 323 3476 c.
341 3413 363 3475 l.
386 3399 621 3498 Fadpwototvol.
647 3430 788 3494 proquo
807 3424 840 3474 et
860 3411 894 3470 in
912 3411 981 3472 aliis
998 3402 1214 3499 Psdpnanool,
1238 3405 1309 3490 quod

294 3513 338 3577 eli
353 3512 435 3595 apud
455 3511 645 3574 Strabonem
663 3513 761 3575 hodie
782 3525 837 3590 15.
857 3533 889 3594 p.
907 3523 992 3594 498.
1010 3511 1031 3576 s.
1049 3522 1132 3596 724.
1164 3512 1216 3575 etsi
1236 3511 1309 3592 priut

294 3635 335 3678 err
356 3612 511 3677 Strabone
534 3609 645 3675 adfert.
698 3613 812 3675 Nollro
834 3632 864 3684 t.
888 3628 920 3676 2.
942 3610 963 3675 s.
981 3624 1015 3692 4.
1043 3611 1186 3704 Cedrosrr
1205 3609 1308 3673 insolita

189 3707 191 3714 ’
295 3715 398 3780 lorma
421 3715 546 3777 dicitur.
583 3716 653 3777 Vid.
672 3713 726 3778 ibi.
765 3715 830 3778 Sita
856 3713 900 3776 est
923 3715 1071 3777 Gedrosia
1100 3717 1182 3776 inter
1203 3714 1309 3776 Carma-

293 3819 380 3880 niam
396 3829 429 3878 er
445 3817 581 3879 Indiam.
607 3811 810 3900 (Marcianus
828 3816 861 3876 in
878 3815 1001 3898 periplo
1015 3835 1047 3898 p.
1068 3826 1122 3896 ²4·
1138 3829 1171 3879 et
1186 3825 1239 3895 24.
1262 3809 1307 3869 ubi

294 3919 416 4002 prolixo
436 3915 597 3987 describit.
625 3917 827 4001 Agathemer.
845 3932 878 3986 2,
898 3914 931 3980 6.
953 3914 1100 4001 aliique.)
1147 3911 1308 3980 Alllasarna

294 4037 396 4102 prope
418 4015 575 4086 Arbinfl.
597 4018 637 4078 ad
661 4021 778 4081 Indum
799 4031 970 4100 promovet
991 4019 1166 4081 Marcianus
1181 4037 1243 4101 pag.
1259 4020 1305 4088 24·

296 4121 398 4202 Supra
413 4131 480 4182 erat
500 4120 679 4205 Drangiana
695 4131 727 4183 et
744 4119 918 4193 Ararbofia,
942 4121 991 4181 uti
1007 4121 1125 4183 docent
1143 4119 1246 4184 Strabo
1260 4123 1304 4190 15·
