<?xml version="1.0" encoding="UTF-8"?>
<!DOCTYPE html PUBLIC "-//W3C//DTD XHTML 1.0 Transitional//EN"
    "http://www.w3.org/TR/xhtml1/DTD/xhtml1-transitional.dtd">
<html xmlns="http://www.w3.org/1999/xhtml" xml:lang="en" lang="en">
 <head>
  <title>
</title>
<meta http-equiv="Content-Type" content="text/html;charset=utf-8" />
  <meta name='ocr-system' content='tesseract 3.04.00' />
  <meta name='ocr-capabilities' content='ocr_page ocr_carea ocr_par ocr_line ocrx_word'/>
</head>
<body>
  <div class='ocr_page' id='page_1' title='image "./pomponiimelaede03melagoog_0330.png"; bbox 0 0 2746 4894; ppageno 0'>
   <div class='ocr_carea' id='block_1_1' title="bbox 321 399 1145 514">
    <p class='ocr_par' dir='ltr' id='par_1_1' title="bbox 321 399 1145 514">
     <span class='ocr_line' id='line_1_1' title="bbox 321 399 1145 514; baseline -0.01 -19"><span class='ocrx_word' id='word_1_1' title='bbox 321 443 386 514; x_wconf 66' lang='lat' dir='ltr'><em>stt</em></span> <span class='ocrx_word' id='word_1_2' title='bbox 591 433 753 493; x_wconf 74' lang='lat' dir='ltr'><em>uorsa</em></span> <span class='ocrx_word' id='word_1_3' title='bbox 793 399 1094 492; x_wconf 75' lang='lat' dir='ltr'><em>oxeesrrc&#39;rn</em></span> <span class='ocrx_word' id='word_1_4' title='bbox 1143 427 1145 434; x_wconf 74' lang='grc'><em>’</em></span> 
     </span>
    </p>
   </div>
   <div class='ocr_carea' id='block_1_2' title="bbox 327 600 1341 997">
    <p class='ocr_par' dir='ltr' id='par_1_2' title="bbox 327 600 1341 997">
     <span class='ocr_line' id='line_1_2' title="bbox 328 600 1339 696; baseline -0.008 -24"><span class='ocrx_word' id='word_1_5' title='bbox 328 633 361 696; x_wconf 90' lang='lat' dir='ltr'><em>p.</em></span> <span class='ocrx_word' id='word_1_6' title='bbox 379 629 423 672; x_wconf 90' lang='lat' dir='ltr'><em>m.</em></span> <span class='ocrx_word' id='word_1_7' title='bbox 439 617 525 688; x_wconf 74' lang='grc'><strong>487.</strong></span> <span class='ocrx_word' id='word_1_8' title='bbox 563 607 656 669; x_wconf 83' lang='lat' dir='ltr'><strong>Idem</strong></span> <span class='ocrx_word' id='word_1_9' title='bbox 672 630 705 691; x_wconf 90' lang='lat' dir='ltr'><em>p.</em></span> <span class='ocrx_word' id='word_1_10' title='bbox 729 629 772 672; x_wconf 86' lang='lat' dir='ltr'><em>m.</em></span> <span class='ocrx_word' id='word_1_11' title='bbox 790 618 876 688; x_wconf 78' lang='grc'><strong>489.</strong></span> <span class='ocrx_word' id='word_1_12' title='bbox 896 605 976 670; x_wconf 90' lang='lat' dir='ltr'><em>hinc</em></span> <span class='ocrx_word' id='word_1_13' title='bbox 993 604 1093 670; x_wconf 81' lang='lat' dir='ltr'><em>etiarn</em></span> <span class='ocrx_word' id='word_1_14' title='bbox 1109 600 1255 668; x_wconf 82' lang='lat' dir='ltr'><em>Solinum</em></span> <span class='ocrx_word' id='word_1_15' title='bbox 1273 603 1339 665; x_wconf 81' lang='lat' dir='ltr'><em>refu</em></span> 
     </span>
     <span class='ocr_line' id='line_1_3' title="bbox 328 705 1341 795; baseline -0.007 -21"><span class='ocrx_word' id='word_1_16' title='bbox 328 727 394 781; x_wconf 85' lang='lat' dir='ltr'><em>tut,</em></span> <span class='ocrx_word' id='word_1_17' title='bbox 420 707 478 795; x_wconf 91' lang='lat' dir='ltr'><em>qui</em></span> <span class='ocrx_word' id='word_1_18' title='bbox 499 705 629 778; x_wconf 85' lang='lat' dir='ltr'><em>scribit,</em></span> <span class='ocrx_word' id='word_1_19' title='bbox 657 710 697 771; x_wconf 90' lang='lat' dir='ltr'><em>ab</em></span> <span class='ocrx_word' id='word_1_20' title='bbox 713 708 850 772; x_wconf 85' lang='lat' dir='ltr'><em>exordio</em></span> <span class='ocrx_word' id='word_1_21' title='bbox 863 730 932 770; x_wconf 92' lang='lat' dir='ltr'><em>non</em></span> <span class='ocrx_word' id='word_1_22' title='bbox 946 707 1048 772; x_wconf 82' lang='lat' dir='ltr'><em>stetim</em></span> <span class='ocrx_word' id='word_1_23' title='bbox 1061 721 1169 770; x_wconf 85' lang='lat' dir='ltr'><em>totum</em></span> <span class='ocrx_word' id='word_1_24' title='bbox 1182 707 1256 778; x_wconf 74' lang='lat' dir='ltr'><em>elle,</em></span> <span class='ocrx_word' id='word_1_25' title='bbox 1280 726 1341 768; x_wconf 84' lang='lat' dir='ltr'><em>curu</em></span> 
     </span>
     <span class='ocr_line' id='line_1_4' title="bbox 329 807 1341 896; baseline -0.008 -21"><span class='ocrx_word' id='word_1_26' title='bbox 329 811 462 875; x_wconf 77' lang='lat' dir='ltr'><em>dit-erlis</em></span> <span class='ocrx_word' id='word_1_27' title='bbox 478 807 578 873; x_wconf 83' lang='lat' dir='ltr'><em>alveis</em></span> <span class='ocrx_word' id='word_1_28' title='bbox 594 808 734 872; x_wconf 85' lang='lat' dir='ltr'><em>minime</em></span> <span class='ocrx_word' id='word_1_29' title='bbox 751 809 931 896; x_wconf 76' lang='lat' dir='ltr'><em>dissipetur.</em></span> <span class='ocrx_word' id='word_1_30' title='bbox 984 813 1078 896; x_wconf 83' lang='lat' dir='ltr'><em>Quae</em></span> <span class='ocrx_word' id='word_1_31' title='bbox 1093 825 1202 872; x_wconf 86' lang='lat' dir='ltr'><em>tameo</em></span> <span class='ocrx_word' id='word_1_32' title='bbox 1217 828 1254 870; x_wconf 83' lang='lat' dir='ltr'><em>ex</em></span> <span class='ocrx_word' id='word_1_33' title='bbox 1268 825 1341 889; x_wconf 87' lang='lat' dir='ltr'><em>prae·</em></span> 
     </span>
     <span class='ocr_line' id='line_1_5' title="bbox 327 909 714 997; baseline -0.005 -19"><span class='ocrx_word' id='word_1_34' title='bbox 327 909 521 978; x_wconf 78' lang='lat' dir='ltr'><strong>cedentibus</strong></span> <span class='ocrx_word' id='word_1_35' title='bbox 545 913 714 997; x_wconf 87' lang='lat' dir='ltr'><em>patebunt.</em></span> 
     </span>
    </p>
   </div>
   <div class='ocr_carea' id='block_1_3' title="bbox 310 1099 1341 3528">
    <p class='ocr_par' dir='ltr' id='par_1_3' title="bbox 310 1099 1341 3528">
     <span class='ocr_line' id='line_1_6' title="bbox 404 1099 1341 1204; baseline -0.006 -24"><span class='ocrx_word' id='word_1_36' title='bbox 404 1115 675 1198; x_wconf 84' lang='lat' dir='ltr'><em>Euphrates)</em></span> <span class='ocrx_word' id='word_1_37' title='bbox 712 1117 767 1179; x_wconf 85' lang='lat' dir='ltr'><em>Gr.</em></span> <span class='ocrx_word' id='word_1_38' title='bbox 783 1107 980 1204; x_wconf 71' lang='grc' dir='ltr'>Εὐφράτης,</span> <span class='ocrx_word' id='word_1_39' title='bbox 1001 1111 1107 1200; x_wconf 85' lang='lat' dir='ltr'><em>poetis</em></span> <span class='ocrx_word' id='word_1_40' title='bbox 1123 1110 1221 1176; x_wconf 83' lang='lat' dir='ltr'><em>etiam</em></span> <span class='ocrx_word' id='word_1_41' title='bbox 1232 1099 1341 1197; x_wconf 62' lang='grc' dir='ltr'><strong>Εὖφρῖγ</strong></span> 
     </span>
     <span class='ocr_line' id='line_1_7' title="bbox 329 1209 1340 1306; baseline -0.012 -24"><span class='ocrx_word' id='word_1_42' title='bbox 329 1239 404 1306; x_wconf 69' lang='grc' dir='ltr'><em>της.</em></span> <span class='ocrx_word' id='word_1_43' title='bbox 428 1215 480 1280; x_wconf 89' lang='lat' dir='ltr'><em>uti</em></span> <span class='ocrx_word' id='word_1_44' title='bbox 503 1215 659 1297; x_wconf 81' lang='lat' dir='ltr'><em>Dionyfio</em></span> <span class='ocrx_word' id='word_1_45' title='bbox 674 1240 705 1280; x_wconf 87' lang='lat' dir='ltr'><em>v.</em></span> <span class='ocrx_word' id='word_1_46' title='bbox 721 1234 806 1298; x_wconf 86' lang='lat'><strong>977.</strong></span> <span class='ocrx_word' id='word_1_47' title='bbox 824 1235 856 1280; x_wconf 88' lang='lat' dir='ltr'><em>et</em></span> <span class='ocrx_word' id='word_1_48' title='bbox 872 1219 957 1302; x_wconf 83' lang='lat' dir='ltr'><em>sequ.</em></span> <span class='ocrx_word' id='word_1_49' title='bbox 1006 1213 1193 1280; x_wconf 85' lang='lat' dir='ltr'><em>Penultitna</em></span> <span class='ocrx_word' id='word_1_50' title='bbox 1213 1209 1340 1296; x_wconf 84' lang='lat' dir='ltr'><em>produci·</em></span> 
     </span>
     <span class='ocr_line' id='line_1_8' title="bbox 310 1314 1340 1404; baseline -0.01 -22"><span class='ocrx_word' id='word_1_51' title='bbox 310 1343 314 1358; x_wconf 86' lang='lat'>·</span> <span class='ocrx_word' id='word_1_52' title='bbox 329 1335 402 1392; x_wconf 89' lang='lat' dir='ltr'><em>tur,</em></span> <span class='ocrx_word' id='word_1_53' title='bbox 429 1340 528 1404; x_wconf 88' lang='lat' dir='ltr'><em>quam</em></span> <span class='ocrx_word' id='word_1_54' title='bbox 543 1339 620 1382; x_wconf 80' lang='lat' dir='ltr'><em>etun</em></span> <span class='ocrx_word' id='word_1_55' title='bbox 638 1335 733 1402; x_wconf 87' lang='lat' dir='ltr'><em>poeta</em></span> <span class='ocrx_word' id='word_1_56' title='bbox 750 1317 886 1404; x_wconf 88' lang='lat' dir='ltr'><em>quidam</em></span> <span class='ocrx_word' id='word_1_57' title='bbox 902 1315 1126 1403; x_wconf 71' lang='lat' dir='ltr'><strong>corripuisset,</strong></span> <span class='ocrx_word' id='word_1_58' title='bbox 1153 1315 1239 1400; x_wconf 88' lang='lat' dir='ltr'><em>quod</em></span> <span class='ocrx_word' id='word_1_59' title='bbox 1256 1314 1340 1374; x_wconf 86' lang='lat' dir='ltr'><em>etho·</em></span> 
     </span>
     <span class='ocr_line' id='line_1_9' title="bbox 329 1411 1340 1506; baseline -0.01 -22"><span class='ocrx_word' id='word_1_60' title='bbox 329 1419 384 1484; x_wconf 88' lang='lat' dir='ltr'><em>die</em></span> <span class='ocrx_word' id='word_1_61' title='bbox 406 1422 507 1504; x_wconf 82' lang='lat' dir='ltr'><em>vulgo</em></span> <span class='ocrx_word' id='word_1_62' title='bbox 530 1419 586 1493; x_wconf 84' lang='lat' dir='ltr'><em>fit,</em></span> <span class='ocrx_word' id='word_1_63' title='bbox 618 1417 779 1483; x_wconf 80' lang='lat' dir='ltr'>distichon</span> <span class='ocrx_word' id='word_1_64' title='bbox 802 1419 950 1506; x_wconf 89' lang='lat' dir='ltr'><em>lepidum</em></span> <span class='ocrx_word' id='word_1_65' title='bbox 972 1417 1084 1483; x_wconf 87' lang='lat' dir='ltr'><em>retulit</em></span> <span class='ocrx_word' id='word_1_66' title='bbox 1107 1418 1280 1503; x_wconf 83' lang='lat' dir='ltr'><em>adpofitum</em></span> <span class='ocrx_word' id='word_1_67' title='bbox 1297 1411 1340 1474; x_wconf 89' lang='lat' dir='ltr'><em>hic</em></span> 
     </span>
     <span class='ocr_line' id='line_1_10' title="bbox 328 1511 1340 1606; baseline -0.011 -21"><span class='ocrx_word' id='word_1_68' title='bbox 328 1519 512 1602; x_wconf 72' lang='lat' dir='ltr'><em>Vedianas:</em></span> <span class='ocrx_word' id='word_1_69' title='bbox 543 1520 641 1585; x_wconf 81' lang='lat' dir='ltr'><em>Venit</em></span> <span class='ocrx_word' id='word_1_70' title='bbox 660 1522 705 1583; x_wconf 83' lang='lat' dir='ltr'><em>ad</em></span> <span class='ocrx_word' id='word_1_71' title='bbox 717 1524 920 1604; x_wconf 71' lang='lat' dir='ltr'><em>Euphraten,</em></span> <span class='ocrx_word' id='word_1_72' title='bbox 941 1521 1034 1586; x_wconf 82' lang='lat' dir='ltr'><em>urrdis</em></span> <span class='ocrx_word' id='word_1_73' title='bbox 1047 1522 1231 1602; x_wconf 83' lang='lat' dir='ltr'><em>perterritus</em></span> <span class='ocrx_word' id='word_1_74' title='bbox 1243 1511 1340 1606; x_wconf 86' lang='lat' dir='ltr'><em>haestt:</em></span> 
     </span>
     <span class='ocr_line' id='line_1_11' title="bbox 334 1611 1340 1710; baseline -0.012 -24"><span class='ocrx_word' id='word_1_75' title='bbox 334 1622 381 1686; x_wconf 87' lang='lat' dir='ltr'><em>Ut</em></span> <span class='ocrx_word' id='word_1_76' title='bbox 397 1625 461 1685; x_wconf 86' lang='lat' dir='ltr'><em>cito</em></span> <span class='ocrx_word' id='word_1_77' title='bbox 476 1625 639 1696; x_wconf 76' lang='lat' dir='ltr'><em>transiret,</em></span> <span class='ocrx_word' id='word_1_78' title='bbox 661 1627 813 1706; x_wconf 82' lang='lat' dir='ltr'><em>corripuit</em></span> <span class='ocrx_word' id='word_1_79' title='bbox 830 1619 974 1710; x_wconf 70' lang='lat' dir='ltr'><em>fluvium.</em></span> <span class='ocrx_word' id='word_1_80' title='bbox 1027 1625 1064 1684; x_wconf 92' lang='lat' dir='ltr'><em>ln</em></span> <span class='ocrx_word' id='word_1_81' title='bbox 1079 1617 1227 1705; x_wconf 81' lang='lat' dir='ltr'><em>genitivo</em></span> <span class='ocrx_word' id='word_1_82' title='bbox 1243 1611 1340 1699; x_wconf 87' lang='lat' dir='ltr'><em>reperi·</em></span> 
     </span>
     <span class='ocr_line' id='line_1_12' title="bbox 328 1717 1341 1809; baseline -0.012 -22"><span class='ocrx_word' id='word_1_83' title='bbox 328 1740 384 1788; x_wconf 89' lang='lat' dir='ltr'><em>tur</em></span> <span class='ocrx_word' id='word_1_84' title='bbox 406 1721 505 1802; x_wconf 88' lang='lat' dir='ltr'><em>etiam</em></span> <span class='ocrx_word' id='word_1_85' title='bbox 528 1727 616 1809; x_wconf 84' lang='lat' dir='ltr'><em>apud</em></span> <span class='ocrx_word' id='word_1_86' title='bbox 639 1722 753 1787; x_wconf 86' lang='lat' dir='ltr'><em>Avien.</em></span> <span class='ocrx_word' id='word_1_87' title='bbox 781 1747 811 1787; x_wconf 90' lang='lat' dir='ltr'><em>v.</em></span> <span class='ocrx_word' id='word_1_88' title='bbox 835 1738 939 1803; x_wconf 81' lang='lat'><strong>¹¹57·</strong></span> <span class='ocrx_word' id='word_1_89' title='bbox 964 1725 1175 1806; x_wconf 76' lang='lat' dir='ltr'><em>Euphratae,</em></span> <span class='ocrx_word' id='word_1_90' title='bbox 1216 1717 1295 1804; x_wconf 91' lang='lat' dir='ltr'><em>quod</em></span> <span class='ocrx_word' id='word_1_91' title='bbox 1316 1729 1341 1775; x_wconf 90' lang='lat' dir='ltr'><em>et</em></span> 
     </span>
     <span class='ocr_line' id='line_1_13' title="bbox 328 1811 1340 1912; baseline -0.012 -25"><span class='ocrx_word' id='word_1_92' title='bbox 328 1825 520 1912; x_wconf 84' lang='lat' dir='ltr'><em>praeferunt</em></span> <span class='ocrx_word' id='word_1_93' title='bbox 534 1823 611 1887; x_wconf 84' lang='lat' dir='ltr'><em>libri</em></span> <span class='ocrx_word' id='word_1_94' title='bbox 628 1825 716 1910; x_wconf 87' lang='lat' dir='ltr'><em>apud</em></span> <span class='ocrx_word' id='word_1_95' title='bbox 733 1823 836 1889; x_wconf 89' lang='lat' dir='ltr'><em>Solin.</em></span> <span class='ocrx_word' id='word_1_96' title='bbox 849 1843 907 1904; x_wconf 80' lang='lat'><em>37.</em></span> <span class='ocrx_word' id='word_1_97' title='bbox 925 1826 945 1889; x_wconf 85' lang='lat' dir='ltr'><em>l.</em></span> <span class='ocrx_word' id='word_1_98' title='bbox 960 1837 1020 1904; x_wconf 79' lang='grc' dir='ltr'><em>4ο.</em></span> <span class='ocrx_word' id='word_1_99' title='bbox 1037 1823 1116 1886; x_wconf 82' lang='lat' dir='ltr'><em>teste</em></span> <span class='ocrx_word' id='word_1_100' title='bbox 1133 1822 1285 1888; x_wconf 72' lang='lat' dir='ltr'><em>salmasio,</em></span> <span class='ocrx_word' id='word_1_101' title='bbox 1304 1811 1340 1876; x_wconf 87' lang='lat' dir='ltr'><em>uti</em></span> 
     </span>
     <span class='ocr_line' id='line_1_14' title="bbox 331 1924 1339 2019; baseline -0.01 -29"><span class='ocrx_word' id='word_1_102' title='bbox 331 1927 472 2019; x_wconf 77' lang='lat' dir='ltr'><em>Orestae,</em></span> <span class='ocrx_word' id='word_1_103' title='bbox 488 1925 683 1998; x_wconf 76' lang='lat' dir='ltr'><em>Alcibiadae,</em></span> <span class='ocrx_word' id='word_1_104' title='bbox 701 1929 956 1990; x_wconf 81' lang='lat' dir='ltr'><em>Philoctetae-</em></span> <span class='ocrx_word' id='word_1_105' title='bbox 977 1927 1018 1988; x_wconf 88' lang='lat' dir='ltr'><em>de</em></span> <span class='ocrx_word' id='word_1_106' title='bbox 1033 1947 1096 2012; x_wconf 85' lang='lat' dir='ltr'><em>qua</em></span> <span class='ocrx_word' id='word_1_107' title='bbox 1113 1925 1217 1988; x_wconf 81' lang='lat' dir='ltr'><em>forma</em></span> <span class='ocrx_word' id='word_1_108' title='bbox 1234 1924 1339 1981; x_wconf 74' lang='lat' dir='ltr'><em>Werne</em></span> 
     </span>
     <span class='ocr_line' id='line_1_15' title="bbox 329 2018 1338 2112; baseline -0.014 -20"><span class='ocrx_word' id='word_1_109' title='bbox 329 2026 408 2092; x_wconf 85' lang='lat' dir='ltr'><em>dorf</em></span> <span class='ocrx_word' id='word_1_110' title='bbox 416 2027 458 2090; x_wconf 87' lang='lat' dir='ltr'><em>ad</em></span> <span class='ocrx_word' id='word_1_111' title='bbox 475 2047 552 2089; x_wconf 89' lang='lat' dir='ltr'><em>eum</em></span> <span class='ocrx_word' id='word_1_112' title='bbox 570 2028 699 2112; x_wconf 82' lang='lat' dir='ltr'><em>adlegat</em></span> <span class='ocrx_word' id='word_1_113' title='bbox 713 2028 841 2092; x_wconf 77' lang='lat' dir='ltr'><em>Salmas.</em></span> <span class='ocrx_word' id='word_1_114' title='bbox 856 2029 899 2090; x_wconf 89' lang='lat' dir='ltr'><em>ad</em></span> <span class='ocrx_word' id='word_1_115' title='bbox 915 2025 1017 2092; x_wconf 89' lang='lat' dir='ltr'><em>Solin.</em></span> <span class='ocrx_word' id='word_1_116' title='bbox 1034 2051 1065 2112; x_wconf 90' lang='lat' dir='ltr'><em>p.</em></span> <span class='ocrx_word' id='word_1_117' title='bbox 1083 2039 1169 2107; x_wconf 79' lang='lat'><strong>295.</strong></span> <span class='ocrx_word' id='word_1_118' title='bbox 1198 2018 1338 2086; x_wconf 81' lang='lat' dir='ltr'><em>Heirtfium</em></span> 
     </span>
     <span class='ocr_line' id='line_1_16' title="bbox 329 2123 1338 2214; baseline -0.01 -22"><span class='ocrx_word' id='word_1_119' title='bbox 329 2129 371 2192; x_wconf 81' lang='lat' dir='ltr'><em>ad</em></span> <span class='ocrx_word' id='word_1_120' title='bbox 386 2125 485 2192; x_wconf 86' lang='lat' dir='ltr'><em>Ovid.</em></span> <span class='ocrx_word' id='word_1_121' title='bbox 505 2125 593 2212; x_wconf 82' lang='lat' dir='ltr'><em>epist.</em></span> <span class='ocrx_word' id='word_1_122' title='bbox 612 2141 645 2205; x_wconf 88' lang='lat'><em>8,</em></span> <span class='ocrx_word' id='word_1_123' title='bbox 665 2147 698 2209; x_wconf 90' lang='lat'><em>9.</em></span> <span class='ocrx_word' id='word_1_124' title='bbox 725 2127 844 2214; x_wconf 88' lang='lat' dir='ltr'><em>quibus</em></span> <span class='ocrx_word' id='word_1_125' title='bbox 867 2130 950 2191; x_wconf 89' lang='lat' dir='ltr'><em>adde</em></span> <span class='ocrx_word' id='word_1_126' title='bbox 967 2129 1183 2210; x_wconf 81' lang='lat' dir='ltr'><em>Oudendorp.</em></span> <span class='ocrx_word' id='word_1_127' title='bbox 1202 2125 1240 2187; x_wconf 93' lang='lat' dir='ltr'><em>ad</em></span> <span class='ocrx_word' id='word_1_128' title='bbox 1262 2123 1338 2182; x_wconf 80' lang='lat' dir='ltr'><em>Fron</em></span> 
     </span>
     <span class='ocr_line' id='line_1_17' title="bbox 326 2215 1339 2314; baseline -0.002 -22"><span class='ocrx_word' id='word_1_129' title='bbox 326 2227 389 2293; x_wconf 86' lang='lat' dir='ltr'><em>tin.</em></span> <span class='ocrx_word' id='word_1_130' title='bbox 412 2253 442 2300; x_wconf 89' lang='lat'><em>1,</em></span> <span class='ocrx_word' id='word_1_131' title='bbox 458 2239 493 2305; x_wconf 88' lang='lat'><em>8,</em></span> <span class='ocrx_word' id='word_1_132' title='bbox 514 2247 568 2292; x_wconf 65' lang='grc' dir='ltr'><em>ιε.</em></span> <span class='ocrx_word' id='word_1_133' title='bbox 600 2229 681 2292; x_wconf 89' lang='lat' dir='ltr'><em>lnde</em></span> <span class='ocrx_word' id='word_1_134' title='bbox 699 2230 921 2313; x_wconf 77' lang='lat' dir='ltr'><em>Commagene</em></span> <span class='ocrx_word' id='word_1_135' title='bbox 937 2229 1006 2314; x_wconf 85' lang='lat' dir='ltr'><em>post</em></span> <span class='ocrx_word' id='word_1_136' title='bbox 1019 2229 1108 2292; x_wconf 86' lang='lat' dir='ltr'><em>dicta</em></span> <span class='ocrx_word' id='word_1_137' title='bbox 1130 2228 1175 2290; x_wconf 86' lang='lat' dir='ltr'><em>cst</em></span> <span class='ocrx_word' id='word_1_138' title='bbox 1189 2215 1339 2311; x_wconf 65' lang='lat' dir='ltr'><em>EitOpttt</em></span> 
     </span>
     <span class='ocr_line' id='line_1_18' title="bbox 328 2321 1338 2415; baseline -0.016 -19"><span class='ocrx_word' id='word_1_139' title='bbox 328 2326 395 2396; x_wconf 83' lang='lat' dir='ltr'><em>aia.</em></span> <span class='ocrx_word' id='word_1_140' title='bbox 428 2326 499 2391; x_wconf 84' lang='lat' dir='ltr'><em>vid.</em></span> <span class='ocrx_word' id='word_1_141' title='bbox 515 2329 655 2415; x_wconf 87' lang='lat' dir='ltr'><em>Procop.</em></span> <span class='ocrx_word' id='word_1_142' title='bbox 672 2330 713 2393; x_wconf 91' lang='lat' dir='ltr'><em>de</em></span> <span class='ocrx_word' id='word_1_143' title='bbox 728 2332 766 2394; x_wconf 86' lang='grc' dir='ltr'><em>Β.</em></span> <span class='ocrx_word' id='word_1_144' title='bbox 780 2331 864 2396; x_wconf 82' lang='lat' dir='ltr'><em>Pers.</em></span> <span class='ocrx_word' id='word_1_145' title='bbox 887 2355 916 2408; x_wconf 87' lang='lat'><em>1,</em></span> <span class='ocrx_word' id='word_1_146' title='bbox 939 2348 992 2408; x_wconf 85' lang='lat'><em>17.</em></span> <span class='ocrx_word' id='word_1_147' title='bbox 1012 2345 1044 2392; x_wconf 86' lang='lat' dir='ltr'><em>ct</em></span> <span class='ocrx_word' id='word_1_148' title='bbox 1058 2328 1150 2392; x_wconf 84' lang='lat' dir='ltr'><em>alibi.</em></span> <span class='ocrx_word' id='word_1_149' title='bbox 1193 2321 1338 2390; x_wconf 79' lang='lat' dir='ltr'><strong>Ammiano</strong></span> 
     </span>
     <span class='ocr_line' id='line_1_19' title="bbox 332 2425 1339 2525; baseline -0.013 -31"><span class='ocrx_word' id='word_1_150' title='bbox 332 2441 388 2510; x_wconf 73' lang='lat'><em>14,</em></span> <span class='ocrx_word' id='word_1_151' title='bbox 412 2441 445 2506; x_wconf 90' lang='lat'><em>8.</em></span> <span class='ocrx_word' id='word_1_152' title='bbox 468 2430 490 2494; x_wconf 89' lang='lat' dir='ltr'><em>l.</em></span> <span class='ocrx_word' id='word_1_153' title='bbox 514 2433 570 2494; x_wconf 72' lang='lat'><em>26.</em></span> <span class='ocrx_word' id='word_1_154' title='bbox 592 2429 844 2525; x_wconf 77' lang='lat' dir='ltr'><em>Euphratenftr,</em></span> <span class='ocrx_word' id='word_1_155' title='bbox 871 2428 944 2494; x_wconf 85' lang='lat' dir='ltr'><em>aliis</em></span> <span class='ocrx_word' id='word_1_156' title='bbox 969 2429 1087 2503; x_wconf 81' lang='lat' dir='ltr'><em>etiarn,</em></span> <span class='ocrx_word' id='word_1_157' title='bbox 1128 2447 1167 2492; x_wconf 90' lang='lat' dir='ltr'><em>ut</em></span> <span class='ocrx_word' id='word_1_158' title='bbox 1193 2425 1237 2490; x_wconf 87' lang='lat' dir='ltr'><em>ibi</em></span> <span class='ocrx_word' id='word_1_159' title='bbox 1267 2437 1339 2486; x_wconf 88' lang='lat' dir='ltr'><em>natat</em></span> 
     </span>
     <span class='ocr_line' id='line_1_20' title="bbox 326 2523 1339 2625; baseline -0.007 -32"><span class='ocrx_word' id='word_1_160' title='bbox 326 2527 613 2614; x_wconf 86' lang='lat' dir='ltr'><em>Lindenhrogius,</em></span> <span class='ocrx_word' id='word_1_161' title='bbox 644 2529 869 2625; x_wconf 78' lang='lat' dir='ltr'><em>Euphratesia.</em></span> <span class='ocrx_word' id='word_1_162' title='bbox 916 2533 1108 2596; x_wconf 88' lang='lat' dir='ltr'><em>Secundum</em></span> <span class='ocrx_word' id='word_1_163' title='bbox 1133 2526 1288 2594; x_wconf 83' lang='lat' dir='ltr'><em>Plutarch.</em></span> <span class='ocrx_word' id='word_1_164' title='bbox 1308 2523 1339 2582; x_wconf 87' lang='lat' dir='ltr'><em>dt</em></span> 
     </span>
     <span class='ocr_line' id='line_1_21' title="bbox 327 2623 1337 2717; baseline -0.009 -25"><span class='ocrx_word' id='word_1_165' title='bbox 327 2629 439 2692; x_wconf 87' lang='lat' dir='ltr'><em>fluviis</em></span> <span class='ocrx_word' id='word_1_166' title='bbox 459 2631 492 2694; x_wconf 89' lang='lat' dir='ltr'><em>h.</em></span> <span class='ocrx_word' id='word_1_167' title='bbox 514 2653 546 2692; x_wconf 89' lang='lat' dir='ltr'><em>v.</em></span> <span class='ocrx_word' id='word_1_168' title='bbox 574 2629 655 2694; x_wconf 89' lang='lat' dir='ltr'><em>olim</em></span> <span class='ocrx_word' id='word_1_169' title='bbox 682 2631 791 2698; x_wconf 83' lang='lat' dir='ltr'><em>dictus</em></span> <span class='ocrx_word' id='word_1_170' title='bbox 817 2635 861 2696; x_wconf 88' lang='lat' dir='ltr'><em>est</em></span> <span class='ocrx_word' id='word_1_171' title='bbox 882 2635 1056 2706; x_wconf 85' lang='lat' dir='ltr'><em>Zaranda,</em></span> <span class='ocrx_word' id='word_1_172' title='bbox 1090 2631 1162 2717; x_wconf 82' lang='lat' dir='ltr'><em>post</em></span> <span class='ocrx_word' id='word_1_173' title='bbox 1185 2628 1292 2695; x_wconf 84' lang='lat' dir='ltr'><em>Medus</em></span> <span class='ocrx_word' id='word_1_174' title='bbox 1308 2623 1337 2683; x_wconf 83' lang='lat' dir='ltr'><em>at</em></span> 
     </span>
     <span class='ocr_line' id='line_1_22' title="bbox 327 2725 1338 2821; baseline 0.001 -27"><span class='ocrx_word' id='word_1_175' title='bbox 327 2732 449 2804; x_wconf 88' lang='lat' dir='ltr'><em>Medo,</em></span> <span class='ocrx_word' id='word_1_176' title='bbox 475 2731 659 2796; x_wconf 79' lang='lat' dir='ltr'><em>Artaxerxis</em></span> <span class='ocrx_word' id='word_1_177' title='bbox 680 2731 768 2808; x_wconf 84' lang='lat' dir='ltr'><em>filio,</em></span> <span class='ocrx_word' id='word_1_178' title='bbox 801 2734 857 2821; x_wconf 91' lang='lat' dir='ltr'><em>qui</em></span> <span class='ocrx_word' id='word_1_179' title='bbox 878 2756 1019 2821; x_wconf 86' lang='lat' dir='ltr'><em>poenam</em></span> <span class='ocrx_word' id='word_1_180' title='bbox 1038 2751 1208 2804; x_wconf 85' lang='lat' dir='ltr'><em>metuens,</em></span> <span class='ocrx_word' id='word_1_181' title='bbox 1231 2725 1338 2788; x_wconf 80' lang='lat' dir='ltr'><em>vitiatae</em></span> 
     </span>
     <span class='ocr_line' id='line_1_23' title="bbox 326 2825 1337 2922; baseline -0.008 -28"><span class='ocrx_word' id='word_1_182' title='bbox 326 2829 467 2916; x_wconf 83' lang='lat' dir='ltr'><em>virginis</em></span> <span class='ocrx_word' id='word_1_183' title='bbox 490 2833 603 2907; x_wconf 85' lang='lat' dir='ltr'><em>caula,</em></span> <span class='ocrx_word' id='word_1_184' title='bbox 629 2836 660 2898; x_wconf 85' lang='lat' dir='ltr'><em>le</em></span> <span class='ocrx_word' id='word_1_185' title='bbox 676 2832 713 2898; x_wconf 89' lang='lat' dir='ltr'><em>in</em></span> <span class='ocrx_word' id='word_1_186' title='bbox 729 2857 805 2898; x_wconf 90' lang='lat' dir='ltr'><em>eum</em></span> <span class='ocrx_word' id='word_1_187' title='bbox 827 2835 1043 2922; x_wconf 87' lang='lat' dir='ltr'><em>praecipitem</em></span> <span class='ocrx_word' id='word_1_188' title='bbox 1057 2834 1159 2898; x_wconf 85' lang='lat' dir='ltr'><em>dedit.</em></span> <span class='ocrx_word' id='word_1_189' title='bbox 1209 2825 1337 2910; x_wconf 83' lang='lat' dir='ltr'><em>Denique</em></span> 
     </span>
     <span class='ocr_line' id='line_1_24' title="bbox 327 2925 1338 3024; baseline -0.012 -27"><span class='ocrx_word' id='word_1_190' title='bbox 327 2937 529 3014; x_wconf 79' lang='lat' dir='ltr'><em>Euphrates,</em></span> <span class='ocrx_word' id='word_1_191' title='bbox 563 2937 603 2997; x_wconf 87' lang='lat' dir='ltr'><em>ab</em></span> <span class='ocrx_word' id='word_1_192' title='bbox 629 2939 815 3020; x_wconf 81' lang='lat' dir='ltr'><em>Euphrate,</em></span> <span class='ocrx_word' id='word_1_193' title='bbox 849 2936 908 3024; x_wconf 88' lang='lat' dir='ltr'><em>qui</em></span> <span class='ocrx_word' id='word_1_194' title='bbox 933 2959 1010 3006; x_wconf 87' lang='lat' dir='ltr'><em>cum</em></span> <span class='ocrx_word' id='word_1_195' title='bbox 1036 2935 1228 3021; x_wconf 77' lang='lat' dir='ltr'><em>imprudens</em></span> <span class='ocrx_word' id='word_1_196' title='bbox 1252 2925 1338 2992; x_wconf 88' lang='lat' dir='ltr'><em>filium</em></span> 
     </span>
     <span class='ocr_line' id='line_1_25' title="bbox 328 3021 1337 3112; baseline -0.012 -14"><span class='ocrx_word' id='word_1_197' title='bbox 328 3031 513 3108; x_wconf 86' lang='lat' dir='ltr'><em>occidillet,</em></span> <span class='ocrx_word' id='word_1_198' title='bbox 539 3057 689 3100; x_wconf 87' lang='lat' dir='ltr'><em>moerore</em></span> <span class='ocrx_word' id='word_1_199' title='bbox 709 3037 849 3112; x_wconf 85' lang='lat' dir='ltr'><em>fractus,</em></span> <span class='ocrx_word' id='word_1_200' title='bbox 873 3036 910 3100; x_wconf 90' lang='lat' dir='ltr'><em>in</em></span> <span class='ocrx_word' id='word_1_201' title='bbox 932 3059 1009 3105; x_wconf 88' lang='lat' dir='ltr'><em>eum</em></span> <span class='ocrx_word' id='word_1_202' title='bbox 1032 3035 1166 3103; x_wconf 87' lang='lat' dir='ltr'><em>decidit.</em></span> <span class='ocrx_word' id='word_1_203' title='bbox 1205 3021 1337 3096; x_wconf 81' lang='lat' dir='ltr'><em>Hebraeis</em></span> 
     </span>
     <span class='ocr_line' id='line_1_26' title="bbox 312 3130 1337 3226; baseline -0.001 -28"><span class='ocrx_word' id='word_1_204' title='bbox 312 3137 372 3220; x_wconf 25' lang='lat' dir='ltr'><em>,est</em></span> <span class='ocrx_word' id='word_1_205' title='bbox 395 3136 488 3209; x_wconf 66' lang='grc' dir='ltr'><em>ΜΕ,</em></span> <span class='ocrx_word' id='word_1_206' title='bbox 514 3157 575 3221; x_wconf 89' lang='lat' dir='ltr'><em>pro</em></span> <span class='ocrx_word' id='word_1_207' title='bbox 591 3159 657 3223; x_wconf 91' lang='lat' dir='ltr'><em>quo</em></span> <span class='ocrx_word' id='word_1_208' title='bbox 673 3140 827 3224; x_wconf 79' lang='lat' dir='ltr'><em>Iosephus</em></span> <span class='ocrx_word' id='word_1_209' title='bbox 843 3137 965 3226; x_wconf 88' lang='lat' dir='ltr'><em>antiqu.</em></span> <span class='ocrx_word' id='word_1_210' title='bbox 982 3141 1053 3204; x_wconf 91' lang='lat' dir='ltr'><em>Iud.</em></span> <span class='ocrx_word' id='word_1_211' title='bbox 1078 3163 1107 3212; x_wconf 86' lang='lat'><em>1,</em></span> <span class='ocrx_word' id='word_1_212' title='bbox 1127 3162 1156 3200; x_wconf 85' lang='lat'><em>1.</em></span> <span class='ocrx_word' id='word_1_213' title='bbox 1169 3138 1190 3200; x_wconf 89' lang='lat' dir='ltr'><em>l.</em></span> <span class='ocrx_word' id='word_1_214' title='bbox 1209 3154 1240 3206; x_wconf 80' lang='lat' dir='ltr'><em>o,</em></span> <span class='ocrx_word' id='word_1_215' title='bbox 1255 3148 1283 3210; x_wconf 82' lang='lat'><em>3·</em></span> <span class='ocrx_word' id='word_1_216' title='bbox 1298 3130 1337 3188; x_wconf 66' lang='lat' dir='ltr'><em>ht·</em></span> 
     </span>
     <span class='ocr_line' id='line_1_27' title="bbox 327 3233 1336 3324; baseline 0.006 -24"><span class='ocrx_word' id='word_1_217' title='bbox 327 3239 385 3300; x_wconf 89' lang='lat' dir='ltr'><em>bet</em></span> <span class='ocrx_word' id='word_1_218' title='bbox 400 3233 507 3324; x_wconf 72' lang='grc' dir='ltr'><strong><em>Φορᾶ,</em></strong></span> <span class='ocrx_word' id='word_1_219' title='bbox 533 3235 868 3304; x_wconf 82' lang='lat' dir='ltr'><em>ubivid.tte1andus.</em></span> <span class='ocrx_word' id='word_1_220' title='bbox 917 3243 957 3304; x_wconf 91' lang='lat' dir='ltr'><em>H.</em></span> <span class='ocrx_word' id='word_1_221' title='bbox 975 3241 1112 3304; x_wconf 83' lang='lat' dir='ltr'><em>Forats.</em></span> <span class='ocrx_word' id='word_1_222' title='bbox 1131 3240 1242 3306; x_wconf 71' lang='lat' dir='ltr'><em>Parae.</em></span> <span class='ocrx_word' id='word_1_223' title='bbox 1266 3233 1336 3293; x_wconf 56' lang='grc' dir='ltr'><em>ΓΜ·</em></span> 
     </span>
     <span class='ocr_line' id='line_1_28' title="bbox 328 3325 1338 3433; baseline 0.002 -35"><span class='ocrx_word' id='word_1_224' title='bbox 328 3358 429 3422; x_wconf 90' lang='lat' dir='ltr'><em>quem</em></span> <span class='ocrx_word' id='word_1_225' title='bbox 442 3353 475 3400; x_wconf 90' lang='lat' dir='ltr'><em>et</em></span> <span class='ocrx_word' id='word_1_226' title='bbox 486 3339 605 3401; x_wconf 79' lang='lat' dir='ltr'><em>Arabes</em></span> <span class='ocrx_word' id='word_1_227' title='bbox 621 3357 743 3403; x_wconf 86' lang='lat' dir='ltr'><em>vocant</em></span> <span class='ocrx_word' id='word_1_228' title='bbox 755 3343 873 3404; x_wconf 81' lang='lat' dir='ltr'><em>Nahar</em></span> <span class='ocrx_word' id='word_1_229' title='bbox 887 3343 921 3404; x_wconf 88' lang='lat' dir='ltr'><em>al</em></span> <span class='ocrx_word' id='word_1_230' title='bbox 936 3335 1052 3433; x_wconf 84' lang='lat' dir='ltr'><em>Kiufa,</em></span> <span class='ocrx_word' id='word_1_231' title='bbox 1076 3356 1109 3404; x_wconf 86' lang='lat' dir='ltr'><em>ct</em></span> <span class='ocrx_word' id='word_1_232' title='bbox 1123 3334 1224 3408; x_wconf 75' lang='lat' dir='ltr'><em>Tusci</em></span> <span class='ocrx_word' id='word_1_233' title='bbox 1236 3325 1338 3400; x_wconf 68' lang='lat' dir='ltr'><em>Mortl</em></span> 
     </span>
     <span class='ocr_line' id='line_1_29' title="bbox 326 3436 1008 3528; baseline 0.006 -26"><span class='ocrx_word' id='word_1_234' title='bbox 326 3439 391 3502; x_wconf 82' lang='lat' dir='ltr'><em>Sui.</em></span> <span class='ocrx_word' id='word_1_235' title='bbox 429 3439 479 3500; x_wconf 88' lang='lat' dir='ltr'><em>De</em></span> <span class='ocrx_word' id='word_1_236' title='bbox 495 3436 626 3524; x_wconf 72' lang='lat' dir='ltr'><em>fingatis</em></span> <span class='ocrx_word' id='word_1_237' title='bbox 641 3440 725 3504; x_wconf 89' lang='lat' dir='ltr'><em>duce</em></span> <span class='ocrx_word' id='word_1_238' title='bbox 739 3445 827 3504; x_wconf 83' lang='lat' dir='ltr'><em>Mela</em></span> <span class='ocrx_word' id='word_1_239' title='bbox 842 3441 1008 3528; x_wconf 82' lang='lat' dir='ltr'><em>deinceps.</em></span> 
     </span>
    </p>
   </div>
   <div class='ocr_carea' id='block_1_4' title="bbox 323 3627 1334 4230">
    <p class='ocr_par' dir='ltr' id='par_1_4' title="bbox 323 3627 1334 4230">
     <span class='ocr_line' id='line_1_30' title="bbox 401 3627 1333 3728; baseline -0.003 -25"><span class='ocrx_word' id='word_1_240' title='bbox 401 3637 506 3722; x_wconf 82' lang='lat' dir='ltr'><em>ere)</em></span> <span class='ocrx_word' id='word_1_241' title='bbox 555 3641 605 3702; x_wconf 90' lang='lat' dir='ltr'><em>De</em></span> <span class='ocrx_word' id='word_1_242' title='bbox 624 3639 732 3714; x_wconf 80' lang='lat' dir='ltr'><em>fonte,</em></span> <span class='ocrx_word' id='word_1_243' title='bbox 761 3641 811 3706; x_wconf 88' lang='lat' dir='ltr'><em>uti</em></span> <span class='ocrx_word' id='word_1_244' title='bbox 827 3645 949 3728; x_wconf 86' lang='lat' dir='ltr'><em>pallim.</em></span> <span class='ocrx_word' id='word_1_245' title='bbox 986 3641 1058 3706; x_wconf 87' lang='lat' dir='ltr'><em>Vid.</em></span> <span class='ocrx_word' id='word_1_246' title='bbox 1077 3639 1186 3704; x_wconf 83' lang='lat' dir='ltr'><em>Heius.</em></span> <span class='ocrx_word' id='word_1_247' title='bbox 1204 3638 1243 3702; x_wconf 87' lang='lat' dir='ltr'><em>ad</em></span> <span class='ocrx_word' id='word_1_248' title='bbox 1256 3627 1333 3700; x_wconf 67' lang='lat' dir='ltr'><em>Otii·</em></span> 
     </span>
     <span class='ocr_line' id='line_1_31' title="bbox 324 3728 1334 3827; baseline 0.001 -27"><span class='ocrx_word' id='word_1_249' title='bbox 324 3739 538 3818; x_wconf 43' lang='lat' dir='ltr'><em>Metam.115‚</em></span> <span class='ocrx_word' id='word_1_250' title='bbox 562 3752 644 3824; x_wconf 74' lang='lat'><em>274.</em></span> <span class='ocrx_word' id='word_1_251' title='bbox 670 3740 729 3804; x_wconf 90' lang='lat' dir='ltr'><em>ubi</em></span> <span class='ocrx_word' id='word_1_252' title='bbox 746 3748 893 3827; x_wconf 86' lang='lat' dir='ltr'><em>exempla</em></span> <span class='ocrx_word' id='word_1_253' title='bbox 913 3746 1025 3806; x_wconf 85' lang='lat' dir='ltr'><em>habes.</em></span> <span class='ocrx_word' id='word_1_254' title='bbox 1076 3745 1289 3806; x_wconf 84' lang='lat' dir='ltr'><em>Luculentum</em></span> <span class='ocrx_word' id='word_1_255' title='bbox 1303 3728 1334 3793; x_wconf 72' lang='lat' dir='ltr'><em>tl</em></span> 
     </span>
     <span class='ocr_line' id='line_1_32' title="bbox 324 3833 1333 3926; baseline 0.001 -28"><span class='ocrx_word' id='word_1_256' title='bbox 324 3839 390 3903; x_wconf 92' lang='lat' dir='ltr'><em>hoc</em></span> <span class='ocrx_word' id='word_1_257' title='bbox 411 3841 452 3902; x_wconf 91' lang='lat' dir='ltr'><em>de</em></span> <span class='ocrx_word' id='word_1_258' title='bbox 469 3840 612 3905; x_wconf 86' lang='lat' dir='ltr'><em>Timavo</em></span> <span class='ocrx_word' id='word_1_259' title='bbox 633 3845 720 3926; x_wconf 88' lang='lat' dir='ltr'><em>apud</em></span> <span class='ocrx_word' id='word_1_260' title='bbox 737 3845 888 3908; x_wconf 87' lang='lat' dir='ltr'><em>Nostrum</em></span> <span class='ocrx_word' id='word_1_261' title='bbox 904 3864 936 3916; x_wconf 79' lang='lat' dir='ltr'><em>o,</em></span> <span class='ocrx_word' id='word_1_262' title='bbox 957 3855 993 3924; x_wconf 79' lang='lat'><em>4,</em></span> <span class='ocrx_word' id='word_1_263' title='bbox 1013 3859 1045 3922; x_wconf 86' lang='lat'><em>3.</em></span> <span class='ocrx_word' id='word_1_264' title='bbox 1070 3865 1181 3906; x_wconf 82' lang='lat' dir='ltr'><em>rtovenr</em></span> <span class='ocrx_word' id='word_1_265' title='bbox 1200 3833 1333 3920; x_wconf 72' lang='lat' dir='ltr'><em>capititis</em></span> 
     </span>
     <span class='ocr_line' id='line_1_33' title="bbox 323 3933 1331 4036; baseline 0.002 -37"><span class='ocrx_word' id='word_1_266' title='bbox 323 3941 431 4016; x_wconf 88' lang='lat' dir='ltr'><em>(more</em></span> <span class='ocrx_word' id='word_1_267' title='bbox 448 3946 634 4024; x_wconf 85' lang='lat' dir='ltr'><em>poetarum)</em></span> <span class='ocrx_word' id='word_1_268' title='bbox 650 3936 828 4036; x_wconf 81' lang='lat' dir='ltr'><em>exsurgens,</em></span> <span class='ocrx_word' id='word_1_269' title='bbox 850 3965 990 4030; x_wconf 91' lang='lat' dir='ltr'><em>proquo</em></span> <span class='ocrx_word' id='word_1_270' title='bbox 1006 3943 1175 4009; x_wconf 86' lang='lat' dir='ltr'><em>Claudian.</em></span> <span class='ocrx_word' id='word_1_271' title='bbox 1191 3953 1217 4023; x_wconf 75' lang='lat'>4</span> <span class='ocrx_word' id='word_1_272' title='bbox 1231 3933 1331 4003; x_wconf 75' lang='lat' dir='ltr'><em>consul·</em></span> 
     </span>
     <span class='ocr_line' id='line_1_34' title="bbox 323 4035 1331 4138; baseline 0.005 -40"><span class='ocrx_word' id='word_1_273' title='bbox 323 4039 450 4101; x_wconf 91' lang='lat' dir='ltr'><em>Honor.</em></span> <span class='ocrx_word' id='word_1_274' title='bbox 475 4063 506 4104; x_wconf 83' lang='lat' dir='ltr'><em>v.</em></span> <span class='ocrx_word' id='word_1_275' title='bbox 530 4060 608 4122; x_wconf 89' lang='lat'>197.</span> <span class='ocrx_word' id='word_1_276' title='bbox 636 4047 730 4129; x_wconf 80' lang='lat' dir='ltr'><em>inque</em></span> <span class='ocrx_word' id='word_1_277' title='bbox 754 4068 863 4109; x_wconf 85' lang='lat' dir='ltr'><em>navem</em></span> <span class='ocrx_word' id='word_1_278' title='bbox 894 4035 1080 4138; x_wconf 77' lang='lat' dir='ltr'><em>consurgens</em></span> <span class='ocrx_word' id='word_1_279' title='bbox 1112 4066 1168 4108; x_wconf 92' lang='lat' dir='ltr'><em>ora</em></span> <span class='ocrx_word' id='word_1_280' title='bbox 1194 4041 1331 4104; x_wconf 72' lang='lat' dir='ltr'><em>Timavus.</em></span> 
     </span>
     <span class='ocr_line' id='line_1_35' title="bbox 323 4128 1330 4230; baseline 0.009 -29"><span class='ocrx_word' id='word_1_281' title='bbox 323 4135 380 4203; x_wconf 84' lang='lat' dir='ltr'><em>sic</em></span> <span class='ocrx_word' id='word_1_282' title='bbox 402 4155 503 4225; x_wconf 83' lang='lat' dir='ltr'><em>eaput</em></span> <span class='ocrx_word' id='word_1_283' title='bbox 526 4144 568 4207; x_wconf 90' lang='lat' dir='ltr'><em>de</em></span> <span class='ocrx_word' id='word_1_284' title='bbox 593 4144 768 4230; x_wconf 79' lang='lat' dir='ltr'><em>Euphratis</em></span> <span class='ocrx_word' id='word_1_285' title='bbox 790 4147 883 4212; x_wconf 82' lang='lat' dir='ltr'><em>fonte</em></span> <span class='ocrx_word' id='word_1_286' title='bbox 907 4145 1051 4213; x_wconf 82' lang='lat' dir='ltr'><em>Avienus</em></span> <span class='ocrx_word' id='word_1_287' title='bbox 1073 4154 1227 4225; x_wconf 79' lang='lat' dir='ltr'><strong>v.1158·</strong></span> <span class='ocrx_word' id='word_1_288' title='bbox 1259 4128 1330 4228; x_wconf 66' lang='grc' dir='ltr'><em>811θᾶ</em></span> 
     </span>
    </p>
   </div>
   <div class='ocr_carea' id='block_1_5' title="bbox 0 0 1378 4894">
    <p class='ocr_par' dir='ltr' id='par_1_5' title="bbox 0 0 1378 4894">
     <span class='ocr_line' id='line_1_36' title="bbox 0 0 1378 4894; baseline 0 1"><span class='ocrx_word' id='word_1_289' title='bbox 0 0 1378 4894; x_wconf 95' lang='lat' dir='ltr'><em> </em></span> 
     </span>
    </p>
   </div>
  </div>
 </body>
</html>
