2748 4888
249 340 292 455 4ο
522 370 684 436 rtorte
722 371 1027 432 nxecorrcte

257 547 358 614 dubio
375 544 524 612 Astumm
540 548 692 632 populun.
728 544 852 608 Pliniur
865 545 957 609 enim
973 565 1000 610 c.
1015 545 1038 608 i.
1059 545 1215 610 omnino
1236 543 1351 610 Astu·

257 655 355 715 ricam
378 649 490 712 urbem
513 651 713 734 magnificam
733 649 880 712 Asiumm
903 662 1144 712 commemorat.
1207 648 1349 710 Hodie

257 749 407 848 Assorgo.
444 752 549 836 Regio
567 749 627 812 suit
642 749 808 814 montibut
824 749 972 832 silvisque
990 749 1127 822 horrida,
1145 750 1285 828 (Flor.
1303 759 1346 830 4,

267 870 322 926 99,
346 854 425 932 54.)
448 851 516 916 auri
540 851 635 924 sorex,
656 851 760 933 (Plio.
784 865 842 930 33·
868 867 926 916 21.
952 847 972 915 s.
990 859 1026 930 4.
1060 852 1158 914 Silius
1190 853 1283 914 Ital.
1311 871 1344 923 r,

264 957 370 1036 959.)
393 957 491 1044 vequit
513 953 641 1018 nobilio.
666 954 744 1033 (Sil.
767 955 835 1015 itai.
857 967 889 1034 3,
910 966 978 1032 335
998 951 1043 1035 sq.
1067 953 1250 1018 Martialis
1279 962 1344 1031 14.

268 1074 350 1137 ²99·
371 1069 404 1118 et
426 1076 506 1138 quoe
520 1067 699 1120 memorant
715 1055 753 1117 ad
770 1055 885 1118 Silium
906 1052 1070 1119 Drakenb.
1086 1069 1119 1119 et
1134 1057 1346 1139 Ruperti.)

262 1155 316 1226 Os.
334 1157 464 1224 Noniut
478 1159 514 1222 in
530 1156 618 1242 Hisp.
636 1177 703 1242 cap.
719 1164 780 1242 43.

298 1305 301 1312 Δ
340 1357 612 1444 Adobriram)
662 1357 1170 1444 Cs.deeanot.crit.p.42.et
1197 1359 1253 1424 de
1271 1359 1341 1422 flu·

265 1460 409 1527 minibut
429 1483 461 1548 p.
476 1471 526 1545 43
541 1461 582 1547 sq.

343 1662 584 1761 Sestianas)
632 1662 818 1730 confudisse
839 1664 968 1728 videtur
983 1684 1058 1727 cum
1074 1661 1216 1750 Augusti
1247 1657 1337 1723 turri

267 1767 350 1850 apud
368 1767 506 1832 Ptosem.
527 1787 558 1839 9,
576 1763 609 1834 6.
632 1769 706 1850 quia
725 1765 794 1849 post
811 1766 947 1829 Nerium
969 1767 1243 1849 promontorium
1269 1775 1334 1846 po-

268 1870 335 1940 nit,
358 1868 415 1931 ubi
431 1868 496 1933 sere
512 1869 588 1933 baec
605 1867 682 1941 suit,
705 1883 742 1932 ut
759 1867 844 1950 supra
860 1869 972 1932 Nosier
987 1869 1077 1932 dixit.
1114 1868 1194 1932 Sine
1212 1866 1330 1927 dubio

270 1983 395 2041 autem.
422 1971 508 2054 quod
532 1971 584 2034 hic
600 1972 624 2034 Ι.
644 1971 828 2032 Gronoviue
846 1970 917 2034 MS.
940 1993 967 2034 ι.
987 1970 1129 2040 monuit.
1158 1967 1331 2030 conditae

269 2068 401 2132 suerunt
415 2090 431 2134 a
446 2073 586 2153 quodum
603 2071 702 2134 Sestio
718 2074 751 2132 in
766 2071 924 2134 honoram
940 2071 1085 2155 Augusti,
1111 2083 1148 2132 ut
1161 2067 1329 2132 barbaros

270 2169 333 2233 hoe
353 2170 509 2255 Hispanos
532 2173 569 2234 ad
593 2174 803 2236 reverentiam
825 2173 955 2258 Augusti
979 2187 1141 2254 tamquam
1167 2169 1330 2231 numinis

271 2269 336 2334 hoc
356 2274 457 2336 modo
480 2273 638 2338 adiiceret.
690 2273 848 2360 Augustus
867 2287 973 2337 autern
994 2272 1077 2336 solue
1092 2275 1240 2354 denique
1266 2287 1325 2352 po·

272 2374 335 2434 tuit
356 2373 417 2437 hoe
439 2375 576 2458 populor
592 2377 739 2447 domare.
771 2380 827 2458 qui
848 2379 1004 2462 populum
1021 2377 1059 2438 it.
1078 2374 1201 2458 semper
1227 2389 1327 2434 vexa·

273 2491 404 2550 verant,
437 2490 470 2539 et
491 2479 615 2563 magnis
637 2475 724 2562 saepo
752 2477 901 2562 stragibus
922 2475 1112 2540 adfecerant.
1159 2474 1325 2541 sotebant

273 2590 382 2639 autem
413 2579 555 2663 Augusto
589 2580 723 2661 templa,
759 2578 933 2642 sacerdotes
961 2592 993 2641 et
1025 2579 1155 2664 collegia
1189 2575 1323 2644 sacrare,

275 2677 388 2760 quidni
408 2679 497 2742 arae?
534 2681 576 2742 Et
590 2681 630 2742 iic
643 2683 711 2744 ciue
726 2701 777 2744 ara
792 2679 853 2742 suit
868 2679 1029 2765 Lugduni,
1054 2693 1089 2740 ut
1106 2691 1238 2742 narrant
1255 2675 1322 2738 Dio

278 2789 338 2861 54.
362 2793 422 2860 32.
457 2780 545 2843 Livii
572 2783 650 2863 epit.
678 2795 758 2862 137.
796 2781 939 2844 Iuvenes.
964 2800 994 2854 ι,
1019 2791 1080 2861 44.
1114 2783 1254 2843 Sueten.
1286 2777 1323 2835 in

277 2879 379 2966 Calig.
396 2901 462 2966 cap.
475 2898 509 2946 9.
533 2885 622 2945 cuiue
638 2882 876 2967 inscriptionem
891 2881 992 2946 adfert
1006 2882 1118 2944 Strabo
1132 2891 1168 2961 4.
1185 2904 1218 2965 p.
1235 2889 1320 2954 133.

276 2979 400 3062 [192.
440 2983 541 3047 Vivus
563 2985 693 3066 quidem
714 2985 792 3048 haec
806 2987 840 3046 in
863 2986 1038 3068 provinciis
1060 3005 1127 3045 non
1145 2983 1204 3044 nisr
1229 2997 1322 3043 com·

277 3085 371 3147 muni
392 3083 446 3149 suo
468 3099 501 3149 et
517 3086 709 3170 reipublicae
732 3087 866 3149 nomine
892 3087 1013 3168 recepit
1035 3083 1094 3149 sec.
1119 3085 1256 3147 Sueton.
1282 3079 1319 3138 in

276 3184 363 3272 ing.
384 3207 450 3271 cap.
466 3199 525 3267 59.
561 3189 616 3251 etti
636 3201 744 3252 contra
765 3188 909 3250 adfirmat
932 3187 1038 3251 Aurei.
1061 3187 1144 3250 Vict.
1171 3187 1206 3246 in
1227 3175 1320 3247 Caes.

278 3307 345 3372 cap.
365 3309 396 3354 1.
422 3288 481 3351 ubi
503 3287 543 3352 cf.
561 3279 714 3353 Arntzen.
732 3289 770 3352 ad
793 3291 925 3352 Sueton.
950 3289 1159 3370 Oudendorp.
1179 3300 1213 3350 et
1236 3298 1318 3366 quoe

277 3389 421 3456 laudant.
446 3393 528 3475 Quis
544 3410 622 3454 vero
636 3389 732 3454 suerit
746 3390 801 3452 illa
818 3390 945 3464 Sesiiue,
962 3409 1029 3454 non
1045 3391 1191 3452 dixerim.
1220 3388 1319 3450 Forte

277 3488 340 3554 suit
355 3494 399 3565 ie,
426 3495 483 3576 qui
498 3492 624 3556 Octavii
639 3506 738 3555 aetate
754 3494 849 3555 variir
863 3491 957 3555 rebue
976 3492 1068 3577 gossie
1084 3487 1246 3558 interfuit,
1274 3495 1317 3562 et,

278 3595 424 3676 quamvis
455 3593 582 3658 Octavii
610 3593 751 3677 partibor
779 3613 848 3656 non
870 3594 1015 3665 deditur,
1053 3605 1161 3655 tamen
1188 3589 1259 3674 post
1284 3587 1319 3646 in

277 3695 349 3757 ciue
365 3695 472 3758 locum
487 3695 596 3760 consul
615 3693 763 3758 suffertur
782 3694 835 3759 eii.
873 3695 947 3758 Vid.
965 3690 1255 3780 Schweighaeuser.
1278 3683 1317 3748 ad

277 3795 413 3878 Appian.
431 3798 501 3862 Vol.
520 3811 553 3881 3.
577 3817 649 3886 pag.
665 3808 750 3879 837.
773 3811 806 3860 et
827 3797 1025 3860 Freinshem.
1047 3798 1083 3858 in
1103 3793 1315 3880 subplement.

278 3897 368 3962 Lirii
394 3899 474 3982 136,
502 3921 533 3966 ι.
1018 3927 1023 3937 =

420 4057 460 4184 ¹§.
493 4121 549 4170 ro·
601 4099 783 4190 Sasiam)
832 4098 887 4172 Gi.
912 4115 982 4170 not.
1008 4101 1078 4169 crit.
1100 4067 1217 4188 1946.
