2650 4896
243 435 308 502 ῳ
512 423 674 484 nom
714 428 1015 487 exeoerrcee

244 601 284 665 fio
306 603 347 664 de
368 599 436 663 aliie
457 599 521 662 elii.
562 597 635 660 vid.
653 599 800 663 Perizon.
822 601 861 663 ed
885 603 1005 666 dolien.
1024 603 1061 664 V.
1080 602 1123 666 H.
1145 612 1180 684 4,
1203 626 1235 668 1.
1251 605 1276 669 f.

242 705 357 768 sextu·
379 703 558 784 Empiricos
582 699 701 762 advers.
727 703 878 766 werhero.
895 718 928 780 3,
946 714 1005 787 24.
1028 725 1059 786 p.
1082 721 1161 786 179.
1177 722 1211 768 et
1230 707 1277 768 ibt

241 805 421 873 Fabricior,
453 802 627 864 Pellootier
649 801 717 864 hist.
736 805 792 866 dee
806 803 912 866 Celtee
931 805 989 869 liv.
1006 805 1038 868 ’0.
1062 826 1089 867 0.
1110 825 1140 870 o.
1157 823 1192 867 et
1214 828 1271 870 ιι.

240 905 335 972 lielin
352 902 464 967 Gesch.
486 905 543 965 der
564 901 762 965 Monichheit
778 926 809 986 p.
828 921 912 982 207.
963 909 1025 970 Atii
1040 923 1145 970 tamen
1165 922 1276 992 rapto·

240 1021 366 1070 tentum
388 1005 592 1076 oeciderunt,
625 1023 692 1068 non
712 1008 935 1072 comederunt.

312 1211 353 1272 in
387 1209 551 1270 maciem
582 1207 703 1290 eant)
752 1209 874 1272 Herod.
893 1223 925 1290 3,
947 1229 1007 1291 99.
1027 1204 1206 1299 τηκόμενον
1229 1209 1277 1296 ‘ep'

237 1305 361 1392 νούσῳ,
382 1312 437 1392 qui
451 1309 505 1371 hic
521 1311 655 1372 omnino
672 1307 882 1374 conferendae
895 1311 948 1376 eii.
982 1313 1151 1397 Elegenter
1163 1325 1274 1375 eutem

237 1413 270 1475 in
286 1413 413 1474 moeiem
429 1413 487 1482 ire,
513 1411 630 1492 dequo
646 1412 712 1473 vid.
728 1409 853 1476 salmas.
869 1415 902 1475 in
918 1414 1063 1476 Solinum
1080 1436 1111 1496 p.
1128 1435 1173 1476 m.
1185 1415 1272 1488 706.

239 1514 387 1576 Similem
409 1513 498 1576 verbi
515 1515 558 1572 ire
581 1509 673 1572 nium
694 1513 805 1574 moltie
823 1515 975 1597 exemplis
992 1515 1132 1576 inlustret
1145 1513 1273 1578 Canne-

236 1613 350 1702 gieter.
374 1615 411 1676 ed
438 1614 552 1676 Avieni
577 1609 639 1676 feb.
667 1623 720 1693 ιο,
746 1635 800 1677 ιο.
855 1615 1002 1676 Notende
1024 1629 1130 1679 entem
1152 1615 1205 1676 hie
1227 1615 1272 1678 est

236 1737 331 1801 porro
357 1718 408 1779 vie
432 1715 521 1776 verbi
547 1713 728 1794 aegritudo,
764 1717 850 1798 quod
876 1719 914 1779 ed
937 1737 1049 1798 corpoe
1072 1714 1271 1788 transfertur,

234 1817 292 1880 uso
313 1819 395 1902 apud
412 1817 515 1878 bonon
539 1817 608 1877 iilos
630 1813 791 1898 scriptores
809 1817 893 1879 haud
917 1821 1060 1903 cognito,
1093 1818 1198 1881 saltem
1222 1838 1271 1879 re·

234 1915 372 1991 riss'rmo,
404 1919 459 1981 etfi
477 1937 567 1998 aeger
583 1917 621 1978 ad
638 1935 753 2001 corpue
774 1917 944 1991 referetur,
970 1917 1106 2002 falsoque
1122 1923 1272 1982 Donato·

234 2023 273 2085 ed
294 2023 425 2084 Terent.
451 2020 549 2082 Andr.
578 2039 606 2089 r,
631 2032 663 2088 o.
687 2034 746 2082 22.
783 2020 837 2081 ubi
861 2024 988 2082 errimus
1011 2033 1159 2102 aegrotus
1187 2021 1270 2082 dici·

234 2137 304 2195 tor,
334 2121 473 2182 animum
495 2139 639 2200 aegrum,
665 2135 951 2201 corprrsaegrolrrm
969 2123 1031 2184 dici
1044 2135 1151 2192 notet,
1175 2121 1268 2202 qood

233 2225 287 2288 vel
312 2223 501 2285 Lexicornrn
525 2220 668 2301 exempla
695 2221 842 2284 refutent.
897 2222 949 2286 cf.
970 2221 1093 2285 Duker.
1116 2223 1153 2284 ed
1178 2223 1266 2284 Flor.

233 2337 268 2408 4,
286 2341 318 2400 7,
339 2346 392 2387 ιο.
430 2323 551 2384 Eadem
567 2321 710 2403 exempla
730 2323 899 2409 suggerunt
919 2345 958 2388 ex
972 2337 1135 2409 argenteae
1154 2325 1269 2386 aetatis

232 2427 435 2510 scriptoribus
461 2419 645 2493 certiffime.
682 2436 717 2484 ut
748 2425 827 2490 thei.
858 2423 1002 2497 Gesnert,
1042 2426 1162 2506 inquo
1189 2423 1271 2485 eddi

230 2527 333 2613 potest
356 2528 416 2588 hoo
438 2545 476 2586 ex
499 2525 595 2586 Meta.
645 2525 688 2586 Et
704 2525 743 2587 iio
759 2528 870 2607 Dictye
885 2525 1024 2591 Creteni.
1041 2543 1073 2596 o,
1093 2541 1149 2606 30.
1172 2522 1269 2617 pelii-

222 2623 304 2723 fero
325 2625 500 2708 aegritudo.
554 2625 651 2710 Quod
667 2647 706 2689 ex
721 2628 833 2691 Curtio
851 2643 883 2708 5,
905 2641 938 2708 5,
960 2649 1012 2693 to.
1032 2625 1186 2696 adfertur,
1209 2646 1266 2686 en-

230 2749 305 2814 oepe
336 2727 414 2797 effe,
460 2727 670 2809 discrepantes
703 2727 861 2791 Codicum
899 2731 1051 2794 lectiones
1078 2741 1111 2791 et
1143 2728 1266 2790 dederi

229 2829 502 2911 Freirrehemiique
532 2829 763 2910 disputationes
796 2831 961 2898 evincunt.
1032 2829 1096 2892 Hic
1127 2849 1265 2892 omnem

229 2933 466 2996 dubitationem
505 2930 620 2991 eximit
656 2927 720 3014 ipsa
761 2930 863 2996 Melae
902 2932 1068 3018 explicatio
1106 2928 1263 2994 [obiectet

221 3025 384 3128 senectus.
410 3044 470 3095 aot
493 3028 628 3094 morbus.

303 3233 410 3299 nihii
434 3233 557 3295 arretii
573 3267 621 3282 -
630 3233 649 3316 )
700 3233 826 3318 Nempe
840 3247 969 3318 propter
987 3235 1125 3316 pericula
1140 3254 1156 3295 e
1172 3231 1260 3306 ferie.

228 3358 309 3421 qore
325 3337 519 3399 deterrerent
535 3335 611 3397 elioe
627 3335 784 3404 homines.
805 3335 855 3396 ied
872 3339 915 3396 ilii
933 3349 1062 3418 propter
1078 3337 1140 3397 hoc
1154 3334 1262 3418 ipsum

228 3439 257 3502 ie
273 3459 311 3510 eo
327 3435 515 3507 conferunt,
546 3448 581 3496 ot
602 3437 735 3499 offerent
751 3436 781 3500 se
797 3439 834 3498 ed
853 3451 1001 3499 mortem.
1036 3457 1102 3501 rec.
1124 3457 1261 3500 onorio·

227 3561 302 3604 vrrs
317 3539 392 3602 MS.
427 3539 546 3600 Eadem
562 3555 639 3600 vero
656 3541 784 3600 tradunt
794 3539 978 3600 Herodotus
995 3551 1026 3618 5,
1047 3557 1126 3602 roo.
1142 3539 1197 3619 qni
1213 3539 1259 3600 est

226 3640 399 3724 eopiofior,
436 3639 536 3702 Solio.
562 3654 704 3720 cep.5o.
726 3637 747 3702 i.
770 3651 829 3718 55.
861 3643 914 3720 qui
938 3640 977 3700 ed
1000 3639 1134 3702 verbum
1153 3659 1256 3721 paene

224 3743 345 3806 Melum
370 3740 539 3803 transtulit.
592 3741 642 3802 De
664 3741 791 3803 Seribue
818 3741 903 3802 idem
926 3740 1021 3801 tradit
1049 3753 1142 3802 vetue
1167 3739 1255 3802 orbiu

225 3843 392 3926 descriptio
406 3842 471 3926 (ed.
487 3837 649 3926 Gothofr.)
664 3861 690 3904 0.
714 3861 742 3905 ι.
763 3831 861 3916 τιθεὶς
878 3835 995 3904 ἑαυτόν
1010 3833 1076 3903 ἐκεῖ
1089 3835 1257 3926 προσδοκᾷ

224 3939 420 4011 tumtunm
441 3965 473 4005 r.
490 3938 622 4029 ψυχήν.
673 3945 724 4005 De
745 3942 821 4007 Coie
844 3943 1023 4005 Heraclides
1040 3943 1195 4003 Ponticos
1215 3942 1256 4004 de

222 4045 345 4130 politiie
357 4043 411 4108 Gr.
426 4043 460 4108 b.
474 4064 507 4107 v.
540 4045 635 4106 Forte
650 4043 722 4106 irrnt
734 4035 863 4120 ὖλόβιοι
876 4043 1039 4108 Strabonie
1058 4056 1112 4120 15.
1122 4065 1154 4126 p.
1166 4053 1253 4125 49⁰·

222 4145 349 4226 [715.
394 4144 457 4208 Sed
480 4146 524 4208 ite
548 4157 671 4210 tentum
689 4145 848 4211 nonnulli.
887 4145 1030 4208 Fuerunt
1050 4147 1146 4208 etiem
1167 4143 1255 4228 epod
