2746 4894
139 434 195 496 IN
222 431 359 498 POMP.
387 435 496 496 ΜΠ..
535 435 572 494 L.
592 437 644 495 111.
679 441 722 502 ,G-
743 443 825 503 vm.
865 441 893 514 ί.
919 463 966 501 ιο.
1028 453 1094 521 875

36 605 173 676 Statius
196 611 297 674 fileae.
315 625 349 690 3,
371 629 403 685 c,
427 620 508 694 ¹¹4·
554 612 656 678 Recte
684 628 795 676 eutem
818 613 967 680 odoribus
994 614 1091 684 Melo.

37 708 174 802 Δὲνὸρα
193 706 377 801 &punirem
398 713 497 777 hebet
518 714 658 778 Tcetzes
674 713 753 779 chil.
769 727 803 793 5.
821 713 891 784 hill.
910 721 943 783 6.
973 721 1092 782 Cinna·

37 835 117 886 na,
145 835 323 886 amonium,
349 815 527 900 uryrrdcm,
557 814 679 908 ecstor,
705 817 853 890 nardum,
879 833 943 890 tus,
968 819 1091 886 Statius

38 919 148 980 lilvar.
169 934 203 988 c,
217 917 253 989 6,
272 925 330 998 87.
367 913 466 981 ovid.
481 918 617 981 Metam.
641 933 694 996 ¹5·
715 932 787 1005 598
803 919 846 1005 sq.
873 919 959 984 Plin.
984 943 1038 995 ro.
1058 941 1089 987 c.

38 1015 182 1104 uliique.
235 1015 380 1101 Quidam
404 1039 444 1082 ex
467 1015 510 1081 iic
531 1041 637 1082 unum
667 1022 847 1082 alterumve
874 1037 1002 1086 tontum
1023 1045 1091 1086 me·

36 1133 196 1190 merent,
221 1115 327 1181 veluti
348 1122 510 1204 myrrham
529 1121 689 1188 Herodot.
710 1141 743 1195 c,
761 1137 820 1202 73.
852 1121 988 1187 Tacitus
1005 1125 1087 1190 dnn.

38 1223 77 1296 6,
96 1231 159 1298 28.
186 1215 292 1312 casrcs
312 1235 346 1283 et
364 1233 417 1284 tus
435 1219 566 1286 Plinius
587 1245 642 1290 ιο.
663 1243 692 1284 e.
721 1254 771 1268 —
822 1223 888 1286 Sed
905 1227 1014 1289 taedet
1030 1225 1088 1290 istc

37 1341 305 1386 commemerure
323 1319 517 1406 singulatim.
555 1325 590 1388 V.
606 1327 716 1388 Barth.
733 1325 773 1390 ed
789 1323 961 1390 claudian.
976 1350 1008 1390 v.
1024 1337 1085 1408 43.

36 1421 153 1508 Magio
172 1439 284 1486 tumen
299 1420 356 1488 hic
370 1421 406 1485 in
426 1421 499 1488 aliie
516 1421 723 1490 dissentiunt.
774 1427 964 1490 Secundum
983 1430 1086 1492 Hero·

38 1527 162 1588 dotum
176 1522 302 1588 mertui
323 1523 426 1609 patrie
442 1523 561 1588 nidum
576 1524 613 1590 in
631 1531 814 1613 Aegyptum
836 1529 958 1602 defert,
986 1545 1084 1615 etque

38 1647 118 1690 eum
133 1647 257 1710 magno
273 1624 405 1712 agmine
421 1625 478 1690 elii
499 1648 575 1692 curn
595 1630 683 1691 llleln
699 1626 800 1692 secuti
817 1629 899 1694 sunt.
939 1629 1083 1694 Achilleo

38 1725 162 1792 Tatinc
178 1730 242 1792 e.l.
264 1727 383 1802 refert,
416 1745 549 1792 mortuo
575 1729 661 1816 patri
686 1727 721 1792 in
752 1733 1002 1817 Aegyptumque
1028 1733 1084 1794 de-

37 1845 139 1894 recto
155 1829 285 1892 bullum
300 1851 426 1915 parare.
477 1829 542 1895 Alii
568 1831 726 1896 combusti
751 1829 852 1917 patris
870 1829 1027 1918 reliquias
1049 1849 1084 1896 et

36 1930 171 1997 cinereo
187 1946 354 1996 recentem
369 1931 497 1996 deferre
516 1934 652 2006 velunt,
677 1950 716 1996 ut
728 1931 940 2000 Claudianus.
981 1935 1082 2019 Quod

35 2048 153 2096 narrat
167 2031 357 2098 Lactantius
371 2053 403 2096 v.
417 2036 476 2113 65.
501 2033 555 2096 lue
571 2035 646 2098 sede
660 2033 774 2100 relicte
789 2033 825 2097 in
835 2033 928 2116 Syrio
944 2035 975 2097 le
992 2055 1081 2098 com·

36 2134 142 2198 burit.
193 2137 231 2196 ln
251 2137 400 2220 Aegypto
424 2133 460 2198 id
481 2133 553 2199 fieri
573 2137 708 2199 trudunt
727 2133 951 2203 Artemidorus
967 2149 1003 2218 4,
1018 2147 1080 2218 49.

36 2253 71 2300 et
83 2232 208 2303 Suidoc
224 2237 257 2301 h.
273 2259 305 2301 v.
329 2237 370 2300 cd
385 2233 455 2300 Nili
476 2237 603 2310 fontes,
628 2236 839 2302 Philostratus
857 2259 884 2302 c.
899 2241 919 2301 l.
961 2240 999 2300 ln
1020 2239 1080 2301 Ae·

35 2355 141 2424 gypto
159 2354 193 2401 et
213 2335 314 2411 nasei,
342 2353 376 2400 et
396 2335 480 2401 mori
496 2340 677 2422 Horopollo
695 2361 723 2403 c.
741 2342 763 2402 l.
794 2337 866 2402 Vid.
882 2339 993 2402 Barth.
1010 2361 1039 2408 o.
1056 2341 1078 2405 1.

33 2438 127 2503 Mori
150 2438 187 2502 in
203 2436 375 2524 Aethiopia
393 2459 432 2502 ex
454 2437 647 2507 Philostrato
666 2439 702 2503 in
717 2439 786 2504 vito
802 2439 970 2526 Apollonii
990 2437 1077 2520 (vid.

34 2542 153 2630 supra)
174 2540 273 2604 refert
294 2544 437 2605 Troezen
452 2539 531 2606 chil.
549 2555 582 2622 5.
600 2540 671 2605 hist.
686 2545 720 2608 6.
736 2567 768 2612 v.
785 2557 870 2624 393.

113 2741 339 2828 incubare)
381 2745 556 2830 Elegcnter
572 2747 657 2831 quasi
677 2767 750 2811 ooo.
787 2747 934 2810 Decium
949 2765 988 2808 ex
1004 2763 1078 2808 ncr-

36 2843 169 2909 ratione
192 2843 374 2918 Herodoti,
408 2845 466 2933 qui
491 2847 550 2934 τῆς
572 2841 712 2934 σμύρνης
735 2838 799 2910 eido
820 2867 897 2910 eum
922 2841 1079 2912 πλάσσειν

37 2945 133 3012 dicit.
169 2945 382 3012 ‘Claudianus
402 2969 435 3016 v.
460 2959 520 3028 45.
542 2939 653 3042 sedet.
685 2951 832 3012 Lactont.
852 2969 883 3010 v.
901 2966 960 3028 9⁰·
981 2947 1079 3010 vicoli

37 3061 110 3114 toro
129 3047 264 3112 membra
286 3050 390 3121 locor,
417 3047 515 3114 Ovid.
534 3050 668 3112 Metam.
692 3061 746 3126 15,
761 3059 846 3128 4⁰0·
858 3040 1006 3140 scsrrper
1019 3049 1076 3111 im·

34 3153 141 3234 ponit.
175 3152 218 3212 Et
234 3151 275 3214 fic
290 3147 344 3214 elii
363 3147 464 3214 vrrie.
498 3151 587 3212 Tum
601 3169 699 3233 porro
715 3165 829 3234 arguta
843 3146 1014 3221 brevitate,
1037 3148 1077 3212 ad

34 3273 109 3316 rem
133 3268 244 3316 tamen
264 3272 361 3316 verce
383 3249 453 3346 fibi
468 3243 542 3346 ipso
556 3249 701 3318 irecubct.

115 3445 409 3548 concrescens)
439 3451 526 3520 Plin.
547 3476 603 3527 ro,
623 3473 653 3520 c.
669 3446 814 3549 ‚rasator
827 3454 930 3536 primo
944 3473 998 3514 ceu
1011 3473 1079 3515 ocr-

37 3557 183 3630 πιίαιῑω,
200 3553 327 3650 indcfit
340 3555 455 3637 prum.
489 3553 546 3622 Sic
560 3555 677 3620 Suidos
690 3559 723 3620 h.
738 3579 771 3624 v.
796 3557 938 3617 Tcetzee
954 3549 1032 3616 ehil.
1045 3569 1077 3632 5.

36 3657 161 3723 hine.
194 3661 340 3723 Laetam.
363 3678 397 3720 v.
419 3679 499 3724 ror.
543 3655 616 3722 Vid.
642 3677 724 3746 quos
750 3673 915 3742 praeterea
935 3675 1077 3718 comme·

36 3769 155 3826 morat*
166 3761 278 3822 Barth.
297 3759 338 3820 cd
352 3757 525 3828 claudian.
540 3781 572 3824 v.
590 3763 648 3837 68.
677 3755 735 3821 ubi
753 3755 853 3822 etiam
874 3757 915 3818 de
937 3775 1012 3828 ovo,
1039 3777 1079 3817 ex

37 3883 108 3952 qno
125 3856 259 3924 excludi
280 3857 417 3945 quidum
431 3861 575 3925 tradunt.
616 3862 796 3944 Horapollo
811 3857 847 3922 in
863 3857 1078 3941 Hieroglyph.

42 3983 76 4038 c,
93 3975 153 4044 57.
167 3957 275 4052 ῥήσσει
289 3959 407 4028 ἑαυτὸν
422 3956 473 4028 iri
486 3957 546 4050 rije
560 3965 637 4048 γῆν,
661 3955 717 4028 καὶ
736 3955 816 4049 ὀπὴν
830 3959 865 4025 ἐκ
880 3957 940 4024 τοῦ
958 3955 1083 4048 ῥῆγμα·

39 4087 99 4143 τος
113 4060 298 4153 λαμβάνει.
328 4057 383 4128 καὶ
402 4061 437 4129 ἐκ
457 4063 519 4131 τοῦ
541 4063 661 4154 ἰχῶρος
679 4061 740 4130 τοῦ
763 4055 1004 4152 καταρῥὲοντος
1029 4055 1081 4124 ire*

40 4169 101 4260 τῆς
121 4161 202 4256 ὀπῆς
224 4159 329 4244 ἄλλος
349 4166 513 4252 γεννᾶται.
