<?xml version="1.0" encoding="UTF-8"?>
<!DOCTYPE html PUBLIC "-//W3C//DTD XHTML 1.0 Transitional//EN"
    "http://www.w3.org/TR/xhtml1/DTD/xhtml1-transitional.dtd">
<html xmlns="http://www.w3.org/1999/xhtml" xml:lang="en" lang="en">
 <head>
  <title>
</title>
<meta http-equiv="Content-Type" content="text/html;charset=utf-8" />
  <meta name='ocr-system' content='tesseract 3.04.00' />
  <meta name='ocr-capabilities' content='ocr_page ocr_carea ocr_par ocr_line ocrx_word'/>
</head>
<body>
  <div class='ocr_page' id='page_1' title='image "./pomponiimelaede03melagoog_0274.png"; bbox 0 0 2650 4896; ppageno 0'>
   <div class='ocr_carea' id='block_1_1' title="bbox 306 387 1074 464">
    <p class='ocr_par' dir='ltr' id='par_1_1' title="bbox 306 387 1074 464">
     <span class='ocr_line' id='line_1_1' title="bbox 306 387 1074 464; baseline -0.005 -12"><span class='ocrx_word' id='word_1_1' title='bbox 306 387 370 464; x_wconf 80' lang='lat' dir='ltr'><strong>een</strong></span> <span class='ocrx_word' id='word_1_2' title='bbox 574 388 734 450; x_wconf 75' lang='grc' dir='ltr'><strong><em>κοτνκ</em></strong></span> <span class='ocrx_word' id='word_1_3' title='bbox 775 389 1074 450; x_wconf 77' lang='lat' dir='ltr'><strong>axrcarrcer</strong></span> 
     </span>
    </p>
   </div>
   <div class='ocr_carea' id='block_1_2' title="bbox 255 560 1323 1960">
    <p class='ocr_par' dir='ltr' id='par_1_2' title="bbox 305 560 1323 1655">
     <span class='ocr_line' id='line_1_2' title="bbox 306 560 1323 643; baseline 0.001 -16"><span class='ocrx_word' id='word_1_4' title='bbox 306 563 466 643; x_wconf 71' lang='lat' dir='ltr'><strong><em>recipitur.</em></strong></span> <span class='ocrx_word' id='word_1_5' title='bbox 511 561 651 624; x_wconf 80' lang='lat' dir='ltr'><strong>Lentunr</strong></span> <span class='ocrx_word' id='word_1_6' title='bbox 675 560 798 623; x_wconf 79' lang='lat' dir='ltr'><strong>cursum</strong></span> <span class='ocrx_word' id='word_1_7' title='bbox 822 561 933 626; x_wconf 78' lang='lat' dir='ltr'><strong>Noster</strong></span> <span class='ocrx_word' id='word_1_8' title='bbox 956 564 1077 626; x_wconf 80' lang='lat' dir='ltr'><strong>indicat</strong></span> <span class='ocrx_word' id='word_1_9' title='bbox 1104 560 1205 627; x_wconf 80' lang='lat' dir='ltr'><strong>verbo</strong></span> <span class='ocrx_word' id='word_1_10' title='bbox 1228 563 1323 637; x_wconf 77' lang='lat' dir='ltr'><strong>erait.</strong></span> 
     </span>
     <span class='ocr_line' id='line_1_3' title="bbox 307 663 1323 746; baseline 0.001 -18"><span class='ocrx_word' id='word_1_11' title='bbox 307 667 394 728; x_wconf 88' lang='lat' dir='ltr'><strong>undo</strong></span> <span class='ocrx_word' id='word_1_12' title='bbox 415 665 515 725; x_wconf 82' lang='lat' dir='ltr'><strong>etiarn</strong></span> <span class='ocrx_word' id='word_1_13' title='bbox 535 683 593 744; x_wconf 81' lang='lat' dir='ltr'><strong>pro</strong></span> <span class='ocrx_word' id='word_1_14' title='bbox 613 665 700 742; x_wconf 81' lang='lat' dir='ltr'><strong>niger</strong></span> <span class='ocrx_word' id='word_1_15' title='bbox 714 665 798 746; x_wconf 84' lang='lat' dir='ltr'><strong>apud</strong></span> <span class='ocrx_word' id='word_1_16' title='bbox 814 665 985 729; x_wconf 82' lang='lat' dir='ltr'><strong>Claudien.</strong></span> <span class='ocrx_word' id='word_1_17' title='bbox 1001 665 1035 726; x_wconf 90' lang='lat' dir='ltr'><strong>in</strong></span> <span class='ocrx_word' id='word_1_18' title='bbox 1056 665 1178 728; x_wconf 81' lang='lat' dir='ltr'><strong>consul.</strong></span> <span class='ocrx_word' id='word_1_19' title='bbox 1195 663 1284 744; x_wconf 82' lang='lat' dir='ltr'><strong>Olyb.</strong></span> <span class='ocrx_word' id='word_1_20' title='bbox 1297 679 1323 729; x_wconf 90' lang='lat' dir='ltr'><strong>et</strong></span> 
     </span>
     <span class='ocr_line' id='line_1_4' title="bbox 307 749 1323 847; baseline -0.003 -16"><span class='ocrx_word' id='word_1_21' title='bbox 307 765 405 830; x_wconf 83' lang='lat' dir='ltr'><strong>Proh.</strong></span> <span class='ocrx_word' id='word_1_22' title='bbox 428 785 460 827; x_wconf 87' lang='lat' dir='ltr'><strong>r.</strong></span> <span class='ocrx_word' id='word_1_23' title='bbox 485 749 584 840; x_wconf 79' lang='lat'><strong>170.¹</strong></span> <span class='ocrx_word' id='word_1_24' title='bbox 600 763 747 828; x_wconf 78' lang='lat' dir='ltr'><strong>Heinfiue</strong></span> <span class='ocrx_word' id='word_1_25' title='bbox 767 765 907 828; x_wconf 84' lang='lat' dir='ltr'><strong>malebat</strong></span> <span class='ocrx_word' id='word_1_26' title='bbox 926 769 1024 847; x_wconf 82' lang='lat' dir='ltr'><strong>piger.</strong></span> <span class='ocrx_word' id='word_1_27' title='bbox 1074 767 1118 828; x_wconf 80' lang='lat' dir='ltr'><strong>At</strong></span> <span class='ocrx_word' id='word_1_28' title='bbox 1134 765 1270 829; x_wconf 84' lang='lat' dir='ltr'><strong>Eustath.</strong></span> <span class='ocrx_word' id='word_1_29' title='bbox 1291 767 1323 828; x_wconf 83' lang='lat' dir='ltr'><strong>ad</strong></span> 
     </span>
     <span class='ocr_line' id='line_1_5' title="bbox 306 854 1323 954; baseline -0.002 -24"><span class='ocrx_word' id='word_1_30' title='bbox 306 863 440 946; x_wconf 81' lang='lat' dir='ltr'><strong>Dionys.</strong></span> <span class='ocrx_word' id='word_1_31' title='bbox 455 885 489 928; x_wconf 86' lang='lat' dir='ltr'><strong>r.</strong></span> <span class='ocrx_word' id='word_1_32' title='bbox 510 875 615 942; x_wconf 78' lang='lat'><strong>¹⁰88·</strong></span> <span class='ocrx_word' id='word_1_33' title='bbox 639 865 685 926; x_wconf 91' lang='lat' dir='ltr'><strong>illi</strong></span> <span class='ocrx_word' id='word_1_34' title='bbox 707 865 818 927; x_wconf 81' lang='lat' dir='ltr'>tribuit</span> <span class='ocrx_word' id='word_1_35' title='bbox 837 862 1050 954; x_wconf 76' lang='grc' dir='ltr'><strong><em>λαβρότατον</em></strong></span> <span class='ocrx_word' id='word_1_36' title='bbox 1067 862 1144 954; x_wconf 75' lang='grc' dir='ltr'><strong><em>ῥόον</em></strong></span> <span class='ocrx_word' id='word_1_37' title='bbox 1167 854 1253 940; x_wconf 72' lang='grc' dir='ltr'><strong><em>ὀξύν,</em></strong></span> <span class='ocrx_word' id='word_1_38' title='bbox 1277 866 1323 928; x_wconf 90' lang='lat' dir='ltr'><strong>ubl</strong></span> 
     </span>
     <span class='ocr_line' id='line_1_6' title="bbox 307 963 1323 1052; baseline -0.003 -21"><span class='ocrx_word' id='word_1_39' title='bbox 307 971 405 1032; x_wconf 86' lang='lat' dir='ltr'><strong>etiam</strong></span> <span class='ocrx_word' id='word_1_40' title='bbox 429 967 494 1028; x_wconf 87' lang='lat' dir='ltr'><strong>duo</strong></span> <span class='ocrx_word' id='word_1_41' title='bbox 515 969 584 1028; x_wconf 83' lang='lat' dir='ltr'><strong>eiua</strong></span> <span class='ocrx_word' id='word_1_42' title='bbox 605 965 681 1028; x_wconf 88' lang='lat' dir='ltr'><strong>allia</strong></span> <span class='ocrx_word' id='word_1_43' title='bbox 703 964 854 1052; x_wconf 78' lang='lat' dir='ltr'><strong>agnoscit.</strong></span> <span class='ocrx_word' id='word_1_44' title='bbox 898 963 1076 1030; x_wconf 79' lang='lat' dir='ltr'>&#39;Alexandri</span> <span class='ocrx_word' id='word_1_45' title='bbox 1094 968 1284 1052; x_wconf 72' lang='lat' dir='ltr'>temporibus</span> <span class='ocrx_word' id='word_1_46' title='bbox 1299 979 1323 1028; x_wconf 89' lang='lat' dir='ltr'><strong>et</strong></span> 
     </span>
     <span class='ocr_line' id='line_1_7' title="bbox 306 1066 1323 1154; baseline 0.001 -24"><span class='ocrx_word' id='word_1_47' title='bbox 306 1069 453 1154; x_wconf 82' lang='lat' dir='ltr'><strong>proxime</strong></span> <span class='ocrx_word' id='word_1_48' title='bbox 467 1066 535 1149; x_wconf 84' lang='lat' dir='ltr'><strong>posi</strong></span> <span class='ocrx_word' id='word_1_49' title='bbox 551 1067 736 1138; x_wconf 84' lang='lat' dir='ltr'><strong>credebant,</strong></span> <span class='ocrx_word' id='word_1_50' title='bbox 758 1067 870 1130; x_wconf 87' lang='lat' dir='ltr'><strong>Nilum</strong></span> <span class='ocrx_word' id='word_1_51' title='bbox 886 1081 918 1130; x_wconf 86' lang='lat' dir='ltr'><strong>at</strong></span> <span class='ocrx_word' id='word_1_52' title='bbox 934 1071 1051 1131; x_wconf 86' lang='lat' dir='ltr'>Indum</span> <span class='ocrx_word' id='word_1_53' title='bbox 1067 1069 1233 1131; x_wconf 88' lang='lat' dir='ltr'><strong>communi</strong></span> <span class='ocrx_word' id='word_1_54' title='bbox 1247 1068 1323 1131; x_wconf 84' lang='lat' dir='ltr'><strong>alveo</strong></span> 
     </span>
     <span class='ocr_line' id='line_1_8' title="bbox 306 1165 1323 1254; baseline -0.004 -23"><span class='ocrx_word' id='word_1_55' title='bbox 306 1167 395 1232; x_wconf 90' lang='lat' dir='ltr'><strong>suisse</strong></span> <span class='ocrx_word' id='word_1_56' title='bbox 412 1165 603 1230; x_wconf 83' lang='lat' dir='ltr'><strong>commissor.</strong></span> <span class='ocrx_word' id='word_1_57' title='bbox 655 1168 769 1232; x_wconf 86' lang='lat' dir='ltr'><strong>Strabo</strong></span> <span class='ocrx_word' id='word_1_58' title='bbox 788 1182 843 1246; x_wconf 78' lang='lat'><strong>15.</strong></span> <span class='ocrx_word' id='word_1_59' title='bbox 860 1190 893 1252; x_wconf 87' lang='lat' dir='ltr'><strong>p.</strong></span> <span class='ocrx_word' id='word_1_60' title='bbox 908 1180 993 1254; x_wconf 83' lang='grc'><strong>474.</strong></span> <span class='ocrx_word' id='word_1_61' title='bbox 1011 1167 1031 1234; x_wconf 93' lang='lat' dir='ltr'><strong>s.</strong></span> <span class='ocrx_word' id='word_1_62' title='bbox 1049 1171 1136 1249; x_wconf 83' lang='lat'><strong>696.</strong></span> <span class='ocrx_word' id='word_1_63' title='bbox 1165 1171 1278 1232; x_wconf 76' lang='lat' dir='ltr'><strong>Arrian.</strong></span> <span class='ocrx_word' id='word_1_64' title='bbox 1291 1169 1323 1228; x_wconf 89' lang='lat' dir='ltr'><strong>de</strong></span> 
     </span>
     <span class='ocr_line' id='line_1_9' title="bbox 307 1269 1323 1354; baseline -0.006 -20"><span class='ocrx_word' id='word_1_65' title='bbox 307 1291 381 1354; x_wconf 87' lang='lat' dir='ltr'><strong>exp.</strong></span> <span class='ocrx_word' id='word_1_66' title='bbox 399 1271 431 1334; x_wconf 87' lang='grc'><strong>6.</strong></span> <span class='ocrx_word' id='word_1_67' title='bbox 451 1273 497 1330; x_wconf 91' lang='lat' dir='ltr'><strong>in.</strong></span> <span class='ocrx_word' id='word_1_68' title='bbox 549 1269 573 1331; x_wconf 89' lang='lat' dir='ltr'><strong>F</strong></span> <span class='ocrx_word' id='word_1_69' title='bbox 575 1271 727 1333; x_wconf 81' lang='lat' dir='ltr'><strong>iurarunt</strong></span> <span class='ocrx_word' id='word_1_70' title='bbox 743 1271 839 1332; x_wconf 86' lang='lat' dir='ltr'><strong>etiam</strong></span> <span class='ocrx_word' id='word_1_71' title='bbox 855 1271 888 1332; x_wconf 88' lang='lat' dir='ltr'><strong>iu</strong></span> <span class='ocrx_word' id='word_1_72' title='bbox 905 1271 987 1332; x_wconf 84' lang='lat' dir='ltr'><strong>indo</strong></span> <span class='ocrx_word' id='word_1_73' title='bbox 1004 1271 1158 1332; x_wconf 85' lang='lat' dir='ltr'><strong>animalia</strong></span> <span class='ocrx_word' id='word_1_74' title='bbox 1175 1270 1323 1332; x_wconf 72' lang='lat' dir='ltr'><strong>crocodilis</strong></span> 
     </span>
     <span class='ocr_line' id='line_1_10' title="bbox 309 1367 1322 1452; baseline 0 -20"><span class='ocrx_word' id='word_1_75' title='bbox 309 1369 436 1443; x_wconf 75' lang='lat' dir='ltr'><strong>imilla,</strong></span> <span class='ocrx_word' id='word_1_76' title='bbox 462 1367 545 1433; x_wconf 89' lang='lat' dir='ltr'><strong>sorte</strong></span> <span class='ocrx_word' id='word_1_77' title='bbox 564 1369 597 1431; x_wconf 91' lang='lat' dir='ltr'><strong>h.</strong></span> <span class='ocrx_word' id='word_1_78' title='bbox 618 1369 793 1452; x_wconf 77' lang='lat' dir='ltr'><strong>Coyarrarr.</strong></span> <span class='ocrx_word' id='word_1_79' title='bbox 832 1371 894 1434; x_wconf 90' lang='lat' dir='ltr'><strong>Sed</strong></span> <span class='ocrx_word' id='word_1_80' title='bbox 912 1385 985 1432; x_wconf 82' lang='lat' dir='ltr'><strong>aute</strong></span> <span class='ocrx_word' id='word_1_81' title='bbox 999 1375 1124 1432; x_wconf 86' lang='lat' dir='ltr'><strong>exitum</strong></span> <span class='ocrx_word' id='word_1_82' title='bbox 1141 1371 1322 1433; x_wconf 86' lang='lat' dir='ltr'><strong>Ptolemaeo·</strong></span> 
     </span>
     <span class='ocr_line' id='line_1_11' title="bbox 305 1469 1321 1557; baseline -0.006 -21"><span class='ocrx_word' id='word_1_83' title='bbox 305 1493 379 1536; x_wconf 84' lang='lat' dir='ltr'><strong>rum</strong></span> <span class='ocrx_word' id='word_1_84' title='bbox 401 1471 531 1534; x_wconf 82' lang='lat' dir='ltr'><strong>meliora</strong></span> <span class='ocrx_word' id='word_1_85' title='bbox 555 1471 661 1534; x_wconf 78' lang='lat' dir='ltr'>edocti</span> <span class='ocrx_word' id='word_1_86' title='bbox 688 1469 758 1532; x_wconf 88' lang='lat' dir='ltr'><strong>sunt</strong></span> <span class='ocrx_word' id='word_1_87' title='bbox 784 1491 840 1554; x_wconf 85' lang='lat' dir='ltr'><strong>per</strong></span> <span class='ocrx_word' id='word_1_88' title='bbox 870 1473 1104 1557; x_wconf 71' lang='lat' dir='ltr'><strong>nauigationes.</strong></span> <span class='ocrx_word' id='word_1_89' title='bbox 1155 1473 1225 1534; x_wconf 87' lang='lat' dir='ltr'><strong>Vid.</strong></span> <span class='ocrx_word' id='word_1_90' title='bbox 1250 1471 1321 1533; x_wconf 85' lang='lat' dir='ltr'><strong>Doi-</strong></span> 
     </span>
     <span class='ocr_line' id='line_1_12' title="bbox 305 1572 1320 1655; baseline -0.005 -17"><span class='ocrx_word' id='word_1_91' title='bbox 305 1574 418 1638; x_wconf 85' lang='lat' dir='ltr'><strong>wellue</strong></span> <span class='ocrx_word' id='word_1_92' title='bbox 437 1572 477 1634; x_wconf 93' lang='lat' dir='ltr'><strong>de</strong></span> <span class='ocrx_word' id='word_1_93' title='bbox 501 1585 603 1634; x_wconf 82' lang='lat' dir='ltr'><strong>aetate</strong></span> <span class='ocrx_word' id='word_1_94' title='bbox 620 1587 653 1634; x_wconf 90' lang='lat' dir='ltr'><strong>et</strong></span> <span class='ocrx_word' id='word_1_95' title='bbox 673 1585 800 1635; x_wconf 83' lang='lat' dir='ltr'><strong>auctore</strong></span> <span class='ocrx_word' id='word_1_96' title='bbox 821 1574 934 1655; x_wconf 87' lang='lat' dir='ltr'><strong>peripli</strong></span> <span class='ocrx_word' id='word_1_97' title='bbox 954 1573 1125 1653; x_wconf 75' lang='lat' dir='ltr'>Erythraei</span> <span class='ocrx_word' id='word_1_98' title='bbox 1143 1573 1237 1634; x_wconf 82' lang='lat' dir='ltr'><strong>marie</strong></span> <span class='ocrx_word' id='word_1_99' title='bbox 1257 1572 1282 1651; x_wconf 73' lang='lat' dir='ltr'><strong>s.</strong></span> <span class='ocrx_word' id='word_1_100' title='bbox 1295 1583 1320 1648; x_wconf 78' lang='grc'><strong>8.</strong></span> 
     </span>
    </p>

    <p class='ocr_par' dir='ltr' id='par_1_3' title="bbox 255 1671 1322 1960">
     <span class='ocr_line' id='line_1_13' title="bbox 306 1671 1320 1760; baseline -0.006 -24"><span class='ocrx_word' id='word_1_101' title='bbox 306 1695 339 1760; x_wconf 87' lang='lat' dir='ltr'><strong>p.</strong></span> <span class='ocrx_word' id='word_1_102' title='bbox 363 1683 431 1753; x_wconf 75' lang='lat'><strong>138</strong></span> <span class='ocrx_word' id='word_1_103' title='bbox 449 1671 491 1756; x_wconf 79' lang='lat' dir='ltr'><strong>sq.</strong></span> <span class='ocrx_word' id='word_1_104' title='bbox 529 1673 572 1736; x_wconf 87' lang='lat' dir='ltr'><strong>H.</strong></span> <span class='ocrx_word' id='word_1_105' title='bbox 590 1673 669 1734; x_wconf 85' lang='lat' dir='ltr'><strong>Soor</strong></span> <span class='ocrx_word' id='word_1_106' title='bbox 684 1673 737 1734; x_wconf 78' lang='lat' dir='ltr'><strong>rel</strong></span> <span class='ocrx_word' id='word_1_107' title='bbox 752 1675 850 1735; x_wconf 85' lang='lat' dir='ltr'><strong>etiam</strong></span> <span class='ocrx_word' id='word_1_108' title='bbox 864 1673 974 1746; x_wconf 76' lang='lat' dir='ltr'><strong>sinae.</strong></span> <span class='ocrx_word' id='word_1_109' title='bbox 1002 1673 1121 1744; x_wconf 65' lang='lat' dir='ltr'><strong>Sinda,</strong></span> <span class='ocrx_word' id='word_1_110' title='bbox 1148 1688 1180 1736; x_wconf 91' lang='lat' dir='ltr'><strong>et</strong></span> <span class='ocrx_word' id='word_1_111' title='bbox 1194 1673 1246 1734; x_wconf 88' lang='lat' dir='ltr'><strong>ubi</strong></span> <span class='ocrx_word' id='word_1_112' title='bbox 1261 1673 1320 1742; x_wconf 81' lang='lat' dir='ltr'><strong>erit.</strong></span> 
     </span>
     <span class='ocr_line' id='line_1_14' title="bbox 255 1757 1322 1861; baseline -0.002 -23"><span class='ocrx_word' id='word_1_113' title='bbox 255 1757 256 1766; x_wconf 9' lang='grc' dir='ltr'>ἵ</span> <span class='ocrx_word' id='word_1_114' title='bbox 306 1775 512 1861; x_wconf 85' lang='lat' dir='ltr'><strong>praecipuum</strong></span> <span class='ocrx_word' id='word_1_115' title='bbox 535 1773 649 1836; x_wconf 87' lang='lat' dir='ltr'><strong>ollium</strong></span> <span class='ocrx_word' id='word_1_116' title='bbox 666 1787 799 1836; x_wconf 86' lang='lat' dir='ltr'><strong>vocatur</strong></span> <span class='ocrx_word' id='word_1_117' title='bbox 815 1774 963 1838; x_wconf 72' lang='lat' dir='ltr'><strong>Makron.</strong></span> <span class='ocrx_word' id='word_1_118' title='bbox 1009 1775 1081 1841; x_wconf 81' lang='lat' dir='ltr'><strong>vid.</strong></span> <span class='ocrx_word' id='word_1_119' title='bbox 1103 1771 1322 1838; x_wconf 80' lang='lat' dir='ltr'><strong>Renues&#39;rMe·</strong></span> 
     </span>
     <span class='ocr_line' id='line_1_15' title="bbox 305 1873 955 1960; baseline 0 -20"><span class='ocrx_word' id='word_1_120' title='bbox 305 1879 406 1941; x_wconf 85' lang='lat' dir='ltr'><strong>moire</strong></span> <span class='ocrx_word' id='word_1_121' title='bbox 423 1873 459 1938; x_wconf 91' lang='lat' dir='ltr'><strong>os</strong></span> <span class='ocrx_word' id='word_1_122' title='bbox 471 1895 489 1938; x_wconf 81' lang='lat' dir='ltr'><strong>a</strong></span> <span class='ocrx_word' id='word_1_123' title='bbox 503 1875 581 1960; x_wconf 86' lang='lat' dir='ltr'><strong>Map</strong></span> <span class='ocrx_word' id='word_1_124' title='bbox 599 1873 635 1938; x_wconf 92' lang='lat' dir='ltr'><strong>os</strong></span> <span class='ocrx_word' id='word_1_125' title='bbox 652 1876 830 1942; x_wconf 82' lang='lat' dir='ltr'><strong>Hindoliau</strong></span> <span class='ocrx_word' id='word_1_126' title='bbox 846 1895 880 1960; x_wconf 85' lang='lat' dir='ltr'><strong>p.</strong></span> <span class='ocrx_word' id='word_1_127' title='bbox 897 1887 955 1954; x_wconf 82' lang='lat'><strong>53.</strong></span> 
     </span>
    </p>
   </div>
   <div class='ocr_carea' id='block_1_3' title="bbox 307 2067 1319 2472">
    <p class='ocr_par' dir='ltr' id='par_1_4' title="bbox 307 2067 1319 2472">
     <span class='ocr_line' id='line_1_16' title="bbox 381 2067 1319 2170; baseline -0.003 -31"><span class='ocrx_word' id='word_1_128' title='bbox 381 2067 740 2170; x_wconf 80' lang='lat' dir='ltr'><strong>Parapamiso)</strong></span> <span class='ocrx_word' id='word_1_129' title='bbox 789 2079 1001 2151; x_wconf 78' lang='lat' dir='ltr'><strong>nemeto.</strong></span> <span class='ocrx_word' id='word_1_130' title='bbox 1030 2073 1319 2160; x_wconf 71' lang='lat' dir='ltr'><strong>quiavarianturio</strong></span> 
     </span>
     <span class='ocr_line' id='line_1_17' title="bbox 307 2179 1318 2264; baseline -0.004 -24"><span class='ocrx_word' id='word_1_131' title='bbox 307 2179 505 2264; x_wconf 80' lang='lat' dir='ltr'><strong>penultima,</strong></span> <span class='ocrx_word' id='word_1_132' title='bbox 535 2179 657 2240; x_wconf 86' lang='lat' dir='ltr'><strong>dictum</strong></span> <span class='ocrx_word' id='word_1_133' title='bbox 672 2181 705 2240; x_wconf 90' lang='lat' dir='ltr'><strong>in</strong></span> <span class='ocrx_word' id='word_1_134' title='bbox 724 2195 792 2243; x_wconf 88' lang='lat' dir='ltr'><strong>not.</strong></span> <span class='ocrx_word' id='word_1_135' title='bbox 809 2182 877 2242; x_wconf 90' lang='lat' dir='ltr'><strong>crit.</strong></span> <span class='ocrx_word' id='word_1_136' title='bbox 895 2201 928 2263; x_wconf 89' lang='lat' dir='ltr'><strong>p.</strong></span> <span class='ocrx_word' id='word_1_137' title='bbox 946 2191 1017 2260; x_wconf 71' lang='lat'><strong>245</strong></span> <span class='ocrx_word' id='word_1_138' title='bbox 1036 2179 1078 2262; x_wconf 91' lang='lat' dir='ltr'><strong>sq.</strong></span> <span class='ocrx_word' id='word_1_139' title='bbox 1105 2181 1155 2240; x_wconf 89' lang='lat' dir='ltr'><strong>uti</strong></span> <span class='ocrx_word' id='word_1_140' title='bbox 1172 2180 1211 2242; x_wconf 82' lang='lat' dir='ltr'><strong>de</strong></span> <span class='ocrx_word' id='word_1_141' title='bbox 1230 2189 1318 2259; x_wconf 81' lang='lat' dir='ltr'><strong>quarte</strong></span> 
     </span>
     <span class='ocr_line' id='line_1_18' title="bbox 310 2269 1318 2371; baseline -0.005 -29"><span class='ocrx_word' id='word_1_142' title='bbox 310 2281 415 2344; x_wconf 82' lang='lat' dir='ltr'><strong>tfine</strong></span> <span class='ocrx_word' id='word_1_143' title='bbox 439 2277 565 2360; x_wconf 75' lang='lat' dir='ltr'><strong>syllaba.</strong></span> <span class='ocrx_word' id='word_1_144' title='bbox 616 2281 697 2342; x_wconf 84' lang='lat' dir='ltr'><strong>lude</strong></span> <span class='ocrx_word' id='word_1_145' title='bbox 725 2283 824 2342; x_wconf 82' lang='lat' dir='ltr'><strong>etiem</strong></span> <span class='ocrx_word' id='word_1_146' title='bbox 857 2281 982 2342; x_wconf 80' lang='lat' dir='ltr'><strong>incolae</strong></span> <span class='ocrx_word' id='word_1_147' title='bbox 1007 2269 1272 2371; x_wconf 71' lang='lat' dir='ltr'><strong>Paropamisadai</strong></span> <span class='ocrx_word' id='word_1_148' title='bbox 1294 2287 1318 2338; x_wconf 86' lang='lat' dir='ltr'><strong>et</strong></span> 
     </span>
     <span class='ocr_line' id='line_1_19' title="bbox 308 2371 1317 2472; baseline -0.003 -30"><span class='ocrx_word' id='word_1_149' title='bbox 308 2371 578 2472; x_wconf 80' lang='lat' dir='ltr'><strong>Paropanisadae.</strong></span> <span class='ocrx_word' id='word_1_150' title='bbox 613 2381 685 2444; x_wconf 82' lang='lat' dir='ltr'><strong>Vici.</strong></span> <span class='ocrx_word' id='word_1_151' title='bbox 709 2381 880 2465; x_wconf 85' lang='lat' dir='ltr'><strong>Wesseliug</strong></span> <span class='ocrx_word' id='word_1_152' title='bbox 901 2383 939 2442; x_wconf 85' lang='lat' dir='ltr'><strong>ad</strong></span> <span class='ocrx_word' id='word_1_153' title='bbox 961 2383 1095 2444; x_wconf 83' lang='lat' dir='ltr'><strong>Diodor.</strong></span> <span class='ocrx_word' id='word_1_154' title='bbox 1121 2381 1185 2444; x_wconf 89' lang='lat' dir='ltr'><strong>Sic.</strong></span> <span class='ocrx_word' id='word_1_155' title='bbox 1207 2393 1255 2455; x_wconf 83' lang='lat'><strong>17,</strong></span> <span class='ocrx_word' id='word_1_156' title='bbox 1272 2387 1317 2452; x_wconf 77' lang='lat'><strong>82.</strong></span> 
     </span>
    </p>
   </div>
   <div class='ocr_carea' id='block_1_4' title="bbox 307 2475 1319 4179">
    <p class='ocr_par' dir='ltr' id='par_1_5' title="bbox 307 2475 1319 4179">
     <span class='ocr_line' id='line_1_20' title="bbox 307 2475 1317 2558; baseline -0.005 -13"><span class='ocrx_word' id='word_1_157' title='bbox 307 2495 341 2546; x_wconf 88' lang='lat' dir='ltr'><strong>et</strong></span> <span class='ocrx_word' id='word_1_158' title='bbox 367 2485 407 2544; x_wconf 88' lang='lat' dir='ltr'><strong>de</strong></span> <span class='ocrx_word' id='word_1_159' title='bbox 442 2495 589 2544; x_wconf 79' lang='lat' dir='ltr'><strong>arcentur</strong></span> <span class='ocrx_word' id='word_1_160' title='bbox 617 2483 715 2543; x_wconf 86' lang='lat' dir='ltr'><strong>etiam</strong></span> <span class='ocrx_word' id='word_1_161' title='bbox 753 2485 929 2544; x_wconf 82' lang='lat' dir='ltr'><strong>variatione</strong></span> <span class='ocrx_word' id='word_1_162' title='bbox 960 2481 1101 2545; x_wconf 81' lang='lat' dir='ltr'><strong>Eusath.</strong></span> <span class='ocrx_word' id='word_1_163' title='bbox 1136 2483 1175 2542; x_wconf 83' lang='lat' dir='ltr'><strong>ad</strong></span> <span class='ocrx_word' id='word_1_164' title='bbox 1206 2475 1317 2558; x_wconf 82' lang='lat' dir='ltr'><strong>Dionys.</strong></span> 
     </span>
     <span class='ocr_line' id='line_1_21' title="bbox 307 2576 1317 2670; baseline -0.005 -26"><span class='ocrx_word' id='word_1_165' title='bbox 307 2603 341 2646; x_wconf 83' lang='lat' dir='ltr'><strong>r.</strong></span> <span class='ocrx_word' id='word_1_166' title='bbox 365 2597 469 2660; x_wconf 76' lang='lat'><strong>1097.</strong></span> <span class='ocrx_word' id='word_1_167' title='bbox 513 2581 694 2664; x_wconf 76' lang='lat' dir='ltr'><strong>Stephanus</strong></span> <span class='ocrx_word' id='word_1_168' title='bbox 715 2583 748 2647; x_wconf 89' lang='lat' dir='ltr'><strong>h.</strong></span> <span class='ocrx_word' id='word_1_169' title='bbox 771 2603 804 2646; x_wconf 83' lang='lat' dir='ltr'><strong>v.</strong></span> <span class='ocrx_word' id='word_1_170' title='bbox 837 2582 938 2644; x_wconf 81' lang='lat' dir='ltr'><strong>scribit</strong></span> <span class='ocrx_word' id='word_1_171' title='bbox 964 2577 1220 2670; x_wconf 71' lang='grc' dir='ltr'><strong><em>Παροπαμισσός</em></strong></span> <span class='ocrx_word' id='word_1_172' title='bbox 1240 2592 1269 2641; x_wconf 88' lang='lat' dir='ltr'><strong>et</strong></span> <span class='ocrx_word' id='word_1_173' title='bbox 1288 2576 1317 2638; x_wconf 85' lang='lat' dir='ltr'><strong>sc</strong></span> 
     </span>
     <span class='ocr_line' id='line_1_22' title="bbox 307 2681 1316 2767; baseline -0.01 -21"><span class='ocrx_word' id='word_1_174' title='bbox 307 2684 440 2766; x_wconf 89' lang='lat' dir='ltr'><strong>reliqua.</strong></span> <span class='ocrx_word' id='word_1_175' title='bbox 467 2683 545 2744; x_wconf 77' lang='lat' dir='ltr'><strong>Eius</strong></span> <span class='ocrx_word' id='word_1_176' title='bbox 560 2701 681 2745; x_wconf 86' lang='lat' dir='ltr'><strong>nomeu</strong></span> <span class='ocrx_word' id='word_1_177' title='bbox 696 2703 735 2746; x_wconf 87' lang='lat' dir='ltr'><strong>ex</strong></span> <span class='ocrx_word' id='word_1_178' title='bbox 751 2685 906 2746; x_wconf 86' lang='lat' dir='ltr'><strong>sudorum</strong></span> <span class='ocrx_word' id='word_1_179' title='bbox 921 2686 1031 2767; x_wconf 86' lang='lat' dir='ltr'><strong>lingua</strong></span> <span class='ocrx_word' id='word_1_180' title='bbox 1047 2685 1162 2764; x_wconf 86' lang='lat' dir='ltr'><strong>repetit</strong></span> <span class='ocrx_word' id='word_1_181' title='bbox 1179 2683 1279 2760; x_wconf 85' lang='lat' dir='ltr'><strong>Bayer.</strong></span> <span class='ocrx_word' id='word_1_182' title='bbox 1291 2681 1316 2736; x_wconf 84' lang='lat' dir='ltr'><strong>ia</strong></span> 
     </span>
     <span class='ocr_line' id='line_1_23' title="bbox 309 2779 1316 2872; baseline -0.008 -26"><span class='ocrx_word' id='word_1_183' title='bbox 309 2783 377 2847; x_wconf 83' lang='lat' dir='ltr'><strong>hisi.</strong></span> <span class='ocrx_word' id='word_1_184' title='bbox 394 2783 485 2868; x_wconf 87' lang='lat' dir='ltr'><strong>regni</strong></span> <span class='ocrx_word' id='word_1_185' title='bbox 499 2783 602 2846; x_wconf 85' lang='lat' dir='ltr'><strong>Bactr.</strong></span> <span class='ocrx_word' id='word_1_186' title='bbox 619 2803 650 2866; x_wconf 84' lang='lat' dir='ltr'><strong>p.</strong></span> <span class='ocrx_word' id='word_1_187' title='bbox 667 2805 720 2849; x_wconf 88' lang='lat' dir='ltr'><strong>ro.</strong></span> <span class='ocrx_word' id='word_1_188' title='bbox 744 2785 873 2848; x_wconf 79' lang='lat' dir='ltr'><strong>Incolae</strong></span> <span class='ocrx_word' id='word_1_189' title='bbox 888 2779 1174 2872; x_wconf 62' lang='lat' dir='ltr'><strong>Haoonapuooiiar,</strong></span> <span class='ocrx_word' id='word_1_190' title='bbox 1189 2795 1224 2843; x_wconf 93' lang='lat' dir='ltr'><strong>ut</strong></span> <span class='ocrx_word' id='word_1_191' title='bbox 1235 2779 1316 2862; x_wconf 87' lang='lat' dir='ltr'><strong>ipsunt</strong></span> 
     </span>
     <span class='ocr_line' id='line_1_24' title="bbox 308 2877 1316 2974; baseline -0.004 -28"><span class='ocrx_word' id='word_1_192' title='bbox 308 2885 499 2969; x_wconf 88' lang='lat' dir='ltr'><strong>primarium</strong></span> <span class='ocrx_word' id='word_1_193' title='bbox 515 2904 633 2947; x_wconf 87' lang='lat' dir='ltr'><strong>nomen</strong></span> <span class='ocrx_word' id='word_1_194' title='bbox 649 2887 746 2950; x_wconf 83' lang='lat' dir='ltr'><strong>varie.</strong></span> <span class='ocrx_word' id='word_1_195' title='bbox 772 2887 903 2948; x_wconf 77' lang='lat' dir='ltr'><strong>Accolae</strong></span> <span class='ocrx_word' id='word_1_196' title='bbox 913 2877 1228 2974; x_wconf 79' lang='lat' dir='ltr'><strong>Paropaniffirdaeas</strong></span> <span class='ocrx_word' id='word_1_197' title='bbox 1242 2887 1316 2942; x_wconf 79' lang='lat' dir='ltr'><strong>vocat</strong></span> 
     </span>
     <span class='ocr_line' id='line_1_25' title="bbox 309 2985 1315 3068; baseline -0.01 -17"><span class='ocrx_word' id='word_1_198' title='bbox 309 2985 500 3068; x_wconf 81' lang='lat' dir='ltr'><strong>Stephanae.</strong></span> <span class='ocrx_word' id='word_1_199' title='bbox 522 2985 584 3056; x_wconf 86' lang='lat' dir='ltr'><strong>vel,</strong></span> <span class='ocrx_word' id='word_1_200' title='bbox 607 2988 656 3046; x_wconf 90' lang='lat' dir='ltr'><strong>uti</strong></span> <span class='ocrx_word' id='word_1_201' title='bbox 672 2988 787 3049; x_wconf 87' lang='lat' dir='ltr'><strong>volunt</strong></span> <span class='ocrx_word' id='word_1_202' title='bbox 805 2985 973 3048; x_wconf 72' lang='lat' dir='ltr'><strong>Salmasius</strong></span> <span class='ocrx_word' id='word_1_203' title='bbox 990 2999 1021 3044; x_wconf 93' lang='lat' dir='ltr'><strong>et</strong></span> <span class='ocrx_word' id='word_1_204' title='bbox 1038 2986 1179 3048; x_wconf 81' lang='lat' dir='ltr'><strong>Holsien.</strong></span> <span class='ocrx_word' id='word_1_205' title='bbox 1195 2985 1315 3061; x_wconf 77' lang='lat' dir='ltr'><strong>Paropt·</strong></span> 
     </span>
     <span class='ocr_line' id='line_1_26' title="bbox 310 3079 1319 3176; baseline -0.009 -27"><span class='ocrx_word' id='word_1_206' title='bbox 310 3079 474 3176; x_wconf 83' lang='lat' dir='ltr'><strong>miffadas.</strong></span> <span class='ocrx_word' id='word_1_207' title='bbox 491 3105 529 3148; x_wconf 85' lang='lat' dir='ltr'><strong>ex</strong></span> <span class='ocrx_word' id='word_1_208' title='bbox 540 3103 602 3169; x_wconf 88' lang='lat' dir='ltr'><strong>quo</strong></span> <span class='ocrx_word' id='word_1_209' title='bbox 617 3090 745 3168; x_wconf 87' lang='lat' dir='ltr'><strong>quidem</strong></span> <span class='ocrx_word' id='word_1_210' title='bbox 757 3086 998 3167; x_wconf 82' lang='lat' dir='ltr'><strong>consequeretur</strong></span> <span class='ocrx_word' id='word_1_211' title='bbox 1014 3082 1093 3162; x_wconf 70' lang='grc' dir='ltr'><strong>τούς</strong></span> <span class='ocrx_word' id='word_1_212' title='bbox 1105 3081 1319 3174; x_wconf 61' lang='grc' dir='ltr'><strong><em>παροικοῦντα</em></strong></span> 
     </span>
     <span class='ocr_line' id='line_1_27' title="bbox 309 3174 1317 3272; baseline -0.012 -21"><span class='ocrx_word' id='word_1_213' title='bbox 309 3201 344 3251; x_wconf 90' lang='lat' dir='ltr'><strong>et</strong></span> <span class='ocrx_word' id='word_1_214' title='bbox 365 3187 603 3258; x_wconf 71' lang='grc' dir='ltr'><strong><em>κατοικοῦντας</em></strong></span> <span class='ocrx_word' id='word_1_215' title='bbox 619 3190 732 3250; x_wconf 88' lang='lat' dir='ltr'><strong>eodem</strong></span> <span class='ocrx_word' id='word_1_216' title='bbox 751 3189 884 3250; x_wconf 88' lang='lat' dir='ltr'><strong>nomine</strong></span> <span class='ocrx_word' id='word_1_217' title='bbox 907 3174 1073 3272; x_wconf 74' lang='lat' dir='ltr'><strong>designari,</strong></span> <span class='ocrx_word' id='word_1_218' title='bbox 1095 3200 1128 3251; x_wconf 87' lang='lat' dir='ltr'><strong>et</strong></span> <span class='ocrx_word' id='word_1_219' title='bbox 1142 3185 1317 3268; x_wconf 84' lang='lat' dir='ltr'><strong>Stephanum</strong></span> 
     </span>
     <span class='ocr_line' id='line_1_28' title="bbox 310 3284 1316 3379; baseline -0.011 -27"><span class='ocrx_word' id='word_1_220' title='bbox 310 3289 395 3352; x_wconf 88' lang='lat' dir='ltr'><strong>male</strong></span> <span class='ocrx_word' id='word_1_221' title='bbox 407 3289 536 3371; x_wconf 81' lang='lat' dir='ltr'><strong>garrire.</strong></span> <span class='ocrx_word' id='word_1_222' title='bbox 575 3289 671 3370; x_wconf 88' lang='lat' dir='ltr'><strong>Quod</strong></span> <span class='ocrx_word' id='word_1_223' title='bbox 688 3291 721 3348; x_wconf 91' lang='lat' dir='ltr'><strong>in</strong></span> <span class='ocrx_word' id='word_1_224' title='bbox 737 3289 841 3351; x_wconf 87' lang='lat' dir='ltr'><strong>noslro</strong></span> <span class='ocrx_word' id='word_1_225' title='bbox 863 3311 891 3359; x_wconf 81' lang='grc' dir='ltr'><strong>ν,</strong></span> <span class='ocrx_word' id='word_1_226' title='bbox 909 3305 941 3358; x_wconf 82' lang='grc' dir='ltr'><strong>ο,</strong></span> <span class='ocrx_word' id='word_1_227' title='bbox 958 3302 992 3365; x_wconf 85' lang='lat'><strong>5.</strong></span> <span class='ocrx_word' id='word_1_228' title='bbox 1009 3284 1212 3379; x_wconf 73' lang='lat' dir='ltr'><strong>Paropanisus</strong></span> <span class='ocrx_word' id='word_1_229' title='bbox 1225 3299 1316 3344; x_wconf 82' lang='lat' dir='ltr'><strong>rocta·</strong></span> 
     </span>
     <span class='ocr_line' id='line_1_29' title="bbox 311 3383 1315 3470; baseline -0.012 -18"><span class='ocrx_word' id='word_1_230' title='bbox 311 3403 374 3458; x_wconf 79' lang='lat' dir='ltr'><strong>tur,</strong></span> <span class='ocrx_word' id='word_1_231' title='bbox 393 3385 487 3450; x_wconf 80' lang='lat' dir='ltr'><strong>vossi</strong></span> <span class='ocrx_word' id='word_1_232' title='bbox 504 3388 546 3448; x_wconf 87' lang='lat' dir='ltr'><strong>est</strong></span> <span class='ocrx_word' id='word_1_233' title='bbox 560 3408 649 3470; x_wconf 84' lang='lat' dir='ltr'><strong>opue,</strong></span> <span class='ocrx_word' id='word_1_234' title='bbox 666 3407 731 3452; x_wconf 89' lang='lat' dir='ltr'><strong>non</strong></span> <span class='ocrx_word' id='word_1_235' title='bbox 744 3391 859 3452; x_wconf 82' lang='lat' dir='ltr'><strong>Melae.</strong></span> <span class='ocrx_word' id='word_1_236' title='bbox 886 3390 1097 3451; x_wconf 85' lang='lat' dir='ltr'><strong>Terminobat</strong></span> <span class='ocrx_word' id='word_1_237' title='bbox 1113 3409 1207 3452; x_wconf 86' lang='lat' dir='ltr'><strong>mona</strong></span> <span class='ocrx_word' id='word_1_238' title='bbox 1221 3386 1266 3446; x_wconf 85' lang='lat' dir='ltr'><strong>ille</strong></span> <span class='ocrx_word' id='word_1_239' title='bbox 1278 3383 1315 3441; x_wconf 88' lang='lat' dir='ltr'><strong>lu·</strong></span> 
     </span>
     <span class='ocr_line' id='line_1_30' title="bbox 312 3473 1314 3574; baseline 0.001 -23"><span class='ocrx_word' id='word_1_240' title='bbox 312 3493 398 3552; x_wconf 84' lang='lat' dir='ltr'><strong>diam</strong></span> <span class='ocrx_word' id='word_1_241' title='bbox 414 3487 520 3550; x_wconf 82' lang='lat' dir='ltr'><strong>versuo</strong></span> <span class='ocrx_word' id='word_1_242' title='bbox 537 3486 774 3569; x_wconf 79' lang='lat' dir='ltr'><strong>septemtriones</strong></span> <span class='ocrx_word' id='word_1_243' title='bbox 788 3491 826 3552; x_wconf 91' lang='lat' dir='ltr'><strong>ab</strong></span> <span class='ocrx_word' id='word_1_244' title='bbox 843 3511 906 3552; x_wconf 85' lang='lat' dir='ltr'><strong>uua</strong></span> <span class='ocrx_word' id='word_1_245' title='bbox 922 3505 1020 3574; x_wconf 85' lang='lat' dir='ltr'><strong>parte,</strong></span> <span class='ocrx_word' id='word_1_246' title='bbox 1042 3491 1220 3574; x_wconf 77' lang='lat' dir='ltr'><strong>(Agatheut.</strong></span> <span class='ocrx_word' id='word_1_247' title='bbox 1239 3502 1265 3553; x_wconf 73' lang='grc' dir='ltr'><strong>Ω.</strong></span> <span class='ocrx_word' id='word_1_248' title='bbox 1279 3473 1314 3562; x_wconf 70' lang='grc' dir='ltr'><strong>δι)</strong></span> 
     </span>
     <span class='ocr_line' id='line_1_31' title="bbox 309 3586 1314 3674; baseline -0.006 -20"><span class='ocrx_word' id='word_1_249' title='bbox 309 3590 352 3654; x_wconf 84' lang='lat' dir='ltr'><strong>ab</strong></span> <span class='ocrx_word' id='word_1_250' title='bbox 369 3591 464 3652; x_wconf 85' lang='lat' dir='ltr'><strong>altero</strong></span> <span class='ocrx_word' id='word_1_251' title='bbox 479 3591 638 3659; x_wconf 77' lang='lat' dir='ltr'><strong>ananam.</strong></span> <span class='ocrx_word' id='word_1_252' title='bbox 663 3591 793 3669; x_wconf 84' lang='lat' dir='ltr'><strong>(Strabo</strong></span> <span class='ocrx_word' id='word_1_253' title='bbox 807 3613 820 3652; x_wconf 87' lang='lat' dir='ltr'><strong>t</strong></span> <span class='ocrx_word' id='word_1_254' title='bbox 832 3613 862 3653; x_wconf 87' lang='grc' dir='ltr'><strong>ι.</strong></span> <span class='ocrx_word' id='word_1_255' title='bbox 879 3613 911 3674; x_wconf 86' lang='lat' dir='ltr'><strong>p.</strong></span> <span class='ocrx_word' id='word_1_256' title='bbox 921 3601 1006 3670; x_wconf 83' lang='grc'><strong>497.</strong></span> <span class='ocrx_word' id='word_1_257' title='bbox 1019 3589 1039 3653; x_wconf 91' lang='lat' dir='ltr'><strong>s.</strong></span> <span class='ocrx_word' id='word_1_258' title='bbox 1051 3607 1096 3666; x_wconf 79' lang='lat'><strong>72</strong></span> <span class='ocrx_word' id='word_1_259' title='bbox 1102 3595 1149 3670; x_wconf 83' lang='lat'><strong>3.)</strong></span> <span class='ocrx_word' id='word_1_260' title='bbox 1170 3603 1200 3651; x_wconf 89' lang='lat' dir='ltr'><strong>et</strong></span> <span class='ocrx_word' id='word_1_261' title='bbox 1215 3586 1314 3650; x_wconf 71' lang='lat' dir='ltr'><strong>emitti·</strong></span> 
     </span>
     <span class='ocr_line' id='line_1_32' title="bbox 311 3677 1314 3774; baseline -0.005 -21"><span class='ocrx_word' id='word_1_262' title='bbox 311 3692 367 3753; x_wconf 88' lang='lat' dir='ltr'><strong>bet</strong></span> <span class='ocrx_word' id='word_1_263' title='bbox 388 3709 497 3752; x_wconf 84' lang='lat' dir='ltr'><strong>amuee</strong></span> <span class='ocrx_word' id='word_1_264' title='bbox 513 3691 629 3751; x_wconf 83' lang='lat' dir='ltr'><strong>ludum</strong></span> <span class='ocrx_word' id='word_1_265' title='bbox 650 3705 682 3752; x_wconf 88' lang='lat' dir='ltr'><strong>et</strong></span> <span class='ocrx_word' id='word_1_266' title='bbox 699 3692 821 3764; x_wconf 81' lang='lat' dir='ltr'><strong>oxum.</strong></span> <span class='ocrx_word' id='word_1_267' title='bbox 852 3692 1022 3774; x_wconf 81' lang='lat' dir='ltr'><strong>dequibus</strong></span> <span class='ocrx_word' id='word_1_268' title='bbox 1040 3689 1095 3755; x_wconf 91' lang='lat' dir='ltr'><strong>suo</strong></span> <span class='ocrx_word' id='word_1_269' title='bbox 1109 3693 1190 3754; x_wconf 89' lang='lat' dir='ltr'><strong>loco.</strong></span> <span class='ocrx_word' id='word_1_270' title='bbox 1239 3677 1314 3748; x_wconf 77' lang='lat' dir='ltr'><strong>Tauri</strong></span> 
     </span>
     <span class='ocr_line' id='line_1_33' title="bbox 312 3781 1313 3875; baseline -0.004 -23"><span class='ocrx_word' id='word_1_271' title='bbox 312 3805 435 3875; x_wconf 80' lang='lat' dir='ltr'><strong>partem</strong></span> <span class='ocrx_word' id='word_1_272' title='bbox 453 3789 554 3862; x_wconf 82' lang='lat' dir='ltr'><strong>fuisse,</strong></span> <span class='ocrx_word' id='word_1_273' title='bbox 580 3791 737 3854; x_wconf 81' lang='lat' dir='ltr'><strong>iudicavit</strong></span> <span class='ocrx_word' id='word_1_274' title='bbox 754 3793 865 3855; x_wconf 79' lang='lat' dir='ltr'><strong>Noster</strong></span> <span class='ocrx_word' id='word_1_275' title='bbox 885 3814 913 3864; x_wconf 87' lang='lat' dir='ltr'><strong>t,</strong></span> <span class='ocrx_word' id='word_1_276' title='bbox 936 3805 990 3872; x_wconf 82' lang='lat'><strong>15,</strong></span> <span class='ocrx_word' id='word_1_277' title='bbox 1008 3809 1041 3857; x_wconf 81' lang='grc' dir='ltr'><strong>ο.</strong></span> <span class='ocrx_word' id='word_1_278' title='bbox 1064 3807 1150 3856; x_wconf 87' lang='lat' dir='ltr'><strong>etex</strong></span> <span class='ocrx_word' id='word_1_279' title='bbox 1166 3781 1313 3854; x_wconf 72' lang='lat' dir='ltr'><strong>aristobulo</strong></span> 
     </span>
     <span class='ocr_line' id='line_1_34' title="bbox 313 3886 1313 3978; baseline -0.004 -25"><span class='ocrx_word' id='word_1_280' title='bbox 313 3889 410 3954; x_wconf 81' lang='lat' dir='ltr'><strong>refert</strong></span> <span class='ocrx_word' id='word_1_281' title='bbox 424 3891 510 3953; x_wconf 84' lang='lat' dir='ltr'><strong>Gaze</strong></span> <span class='ocrx_word' id='word_1_282' title='bbox 523 3893 563 3954; x_wconf 88' lang='lat' dir='ltr'><strong>de</strong></span> <span class='ocrx_word' id='word_1_283' title='bbox 580 3893 730 3978; x_wconf 83' lang='lat' dir='ltr'><strong>originib.</strong></span> <span class='ocrx_word' id='word_1_284' title='bbox 746 3897 938 3964; x_wconf 84' lang='lat' dir='ltr'><strong>Turcorum,</strong></span> <span class='ocrx_word' id='word_1_285' title='bbox 961 3895 1046 3957; x_wconf 87' lang='lat' dir='ltr'><strong>med.</strong></span> <span class='ocrx_word' id='word_1_286' title='bbox 1066 3914 1128 3976; x_wconf 90' lang='lat' dir='ltr'><strong>qua</strong></span> <span class='ocrx_word' id='word_1_287' title='bbox 1142 3886 1313 3976; x_wconf 74' lang='lat' dir='ltr'><strong>parteMaoe·</strong></span> 
     </span>
     <span class='ocr_line' id='line_1_35' title="bbox 314 3985 1313 4080; baseline -0.007 -25"><span class='ocrx_word' id='word_1_288' title='bbox 314 3995 416 4055; x_wconf 71' lang='lat' dir='ltr'><strong>tone·</strong></span> <span class='ocrx_word' id='word_1_289' title='bbox 436 3994 470 4052; x_wconf 88' lang='lat' dir='ltr'><strong>iu</strong></span> <span class='ocrx_word' id='word_1_290' title='bbox 486 3991 610 4056; x_wconf 83' lang='lat' dir='ltr'><strong>ludium</strong></span> <span class='ocrx_word' id='word_1_291' title='bbox 625 3996 807 4078; x_wconf 87' lang='lat' dir='ltr'><strong>irruperint.</strong></span> <span class='ocrx_word' id='word_1_292' title='bbox 844 3995 882 4057; x_wconf 89' lang='lat' dir='ltr'><strong>ln</strong></span> <span class='ocrx_word' id='word_1_293' title='bbox 899 3997 1035 4080; x_wconf 78' lang='lat' dir='ltr'><strong>glorium</strong></span> <span class='ocrx_word' id='word_1_294' title='bbox 1053 3993 1214 4058; x_wconf 80' lang='lat' dir='ltr'><strong>Alexandri</strong></span> <span class='ocrx_word' id='word_1_295' title='bbox 1231 3985 1269 4049; x_wconf 83' lang='lat' dir='ltr'><strong>ss.</strong></span> <span class='ocrx_word' id='word_1_296' title='bbox 1286 3989 1313 4040; x_wconf 76' lang='lat' dir='ltr'><strong>lli</strong></span> 
     </span>
     <span class='ocr_line' id='line_1_36' title="bbox 313 4083 1313 4179; baseline -0.004 -20"><span class='ocrx_word' id='word_1_297' title='bbox 313 4091 491 4159; x_wconf 84' lang='lat' dir='ltr'><strong>Caucasum</strong></span> <span class='ocrx_word' id='word_1_298' title='bbox 513 4090 666 4179; x_wconf 80' lang='lat' dir='ltr'><strong>superasse</strong></span> <span class='ocrx_word' id='word_1_299' title='bbox 692 4097 870 4169; x_wconf 80' lang='lat' dir='ltr'><strong>videretur.</strong></span> <span class='ocrx_word' id='word_1_300' title='bbox 900 4095 1112 4168; x_wconf 74' lang='lat' dir='ltr'><strong>Macedones.</strong></span> <span class='ocrx_word' id='word_1_301' title='bbox 1138 4113 1214 4177; x_wconf 85' lang='lat' dir='ltr'><strong>quot</strong></span> <span class='ocrx_word' id='word_1_302' title='bbox 1233 4083 1313 4173; x_wconf 58' lang='lat' dir='ltr'><strong>postis</strong></span> 
     </span>
    </p>
   </div>
   <div class='ocr_carea' id='block_1_5' title="bbox 0 0 1333 4896">
    <p class='ocr_par' dir='ltr' id='par_1_6' title="bbox 0 0 1333 4896">
     <span class='ocr_line' id='line_1_37' title="bbox 0 0 1333 4896; baseline 0 0"><span class='ocrx_word' id='word_1_303' title='bbox 0 0 1333 4896; x_wconf 95' lang='lat' dir='ltr'><strong> </strong></span> 
     </span>
    </p>
   </div>
  </div>
 </body>
</html>
