2746 4894
206 395 258 478 rra
285 417 422 478 rone.
452 417 561 476 net„
602 415 713 476 cnr.
755 417 862 478 crx.
903 419 981 491 aa.
1062 390 1125 498 w

138 635 140 638 -
157 595 227 677 pri
235 613 293 656 mo
318 587 479 654 ambita
488 588 507 671 )
545 591 570 654 l.
589 610 617 655 e.
635 587 745 675 prirno
762 587 849 654 alvei
866 587 1012 665 diefidio‚
1036 591 1128 678 quod

79 715 99 760 a
116 693 270 758 sontibus
286 690 359 758 eius
374 689 529 758 occurrit.
552 713 577 756 r.
595 711 792 758 oronovtvt
806 694 884 758 MS.
913 690 988 757 Vid.
1005 717 1035 770 1,
1047 712 1082 776 9,
1094 713 1126 761 o.

77 798 211 883 Nempe
225 794 308 861 atior
323 791 468 860 ambitus
484 793 555 880 poll
569 791 659 863 facit

155 1001 203 1066 M
206 997 363 1066 aer-obii
370 998 390 1082 )
422 1001 571 1063 Doctum
586 1019 626 1062 ex
639 998 811 1062 Herodoto
827 1013 862 1078 3,
882 1014 937 1082 17.
955 997 1016 1063 ubi
1033 996 1128 1076 dicit,

76 1100 228 1168 Africam
243 1094 293 1167 iri
308 1101 353 1190 τῇ
367 1098 458 1189 νοτίῃ
474 1095 628 1187 θαλάσση
643 1098 817 1176 habitasse,
845 1117 878 1164 et
896 1101 966 1186 poll
980 1122 1053 1187 cap.
1070 1116 1127 1182 23.

75 1208 204 1269 nultos
218 1204 260 1266 ad
280 1222 347 1269 reo
364 1223 468 1266 annos
483 1199 608 1276 vivere,
624 1201 707 1266 alios
722 1199 863 1287 ampliat
878 1219 996 1267 narret.
1023 1207 1127 1268 Hero·

77 1307 199 1371 dotum
215 1305 396 1392 sequuntur
411 1307 533 1390 ploret,
550 1291 783 1369 utEuslatlriuc
799 1305 840 1367 ad
848 1303 984 1385 Dionys.
998 1327 1031 1369 v.
1042 1325 1061 1370 a
1072 1317 1127 1384 ¹8·

76 1409 188 1472 Valet.
200 1409 288 1472 Max.
300 1418 335 1484 8,
354 1423 407 1485 ι5.
425 1422 489 1470 ext.
509 1419 541 1485 5.
557 1427 597 1468 ex
612 1403 671 1469 illo
686 1405 797 1480 refert,
826 1425 894 1472 roo
906 1427 1011 1470 annos
1023 1422 1128 1476 trane

77 1507 196 1594 gredi3
222 1506 334 1572 minua
352 1523 513 1572 accurate.
547 1504 624 1580 Alii,
640 1524 679 1570 ut
693 1509 793 1582 Mela,
810 1506 846 1572 in
859 1507 1050 1572 universum
1067 1529 1126 1572 no·

77 1627 164 1684 tant,
186 1635 219 1675 v.
237 1633 265 1678 c.
284 1607 388 1674 Solin.
405 1629 433 1674 c.
450 1625 507 1688 5ο.
524 1607 546 1672 s.
563 1625 621 1687 55.
645 1610 799 1674 Dimidio
813 1631 918 1674 eornm
938 1609 1127 1704 protenfior.

76 1735 176 1800 quam
199 1711 309 1806 nrfira
323 1715 394 1776 vito
410 1710 464 1806 est.
503 1707 632 1774 Plinius
649 1715 683 1784 6,
702 1724 760 1792 55.
778 1713 800 1776 s.
819 1727 878 1790 5ο.
896 1709 1034 1775 omnino
1049 1715 1128 1777 Mo-

76 1812 203 1878 crodios
223 1829 402 1886 memorat,
433 1833 496 1877 nec
511 1813 572 1876 hoa
595 1811 738 1899 adtingit
755 1829 789 1890 7,
805 1823 866 1894 49.
879 1814 901 1877 s.
917 1824 980 1895 48.
1008 1812 1067 1877 ubi
1084 1814 1127 1878 de

77 1913 185 2002 spatio
213 1913 302 1979 vitae
331 1916 495 1978 humanae
519 1911 656 1979 disserit.
714 1915 831 2003 Neque
853 1930 966 1978 tamen
992 1916 1058 1979 hoc
1083 1916 1127 1979 ad

79 2039 198 2082 omnes
212 2013 391 2102 Aethiopes
407 2012 584 2101 pertinere,
609 2038 649 2078 ex
664 2017 835 2080 Herodoto
851 2033 885 2096 5,
906 2033 960 2095 17.
977 2014 1147 2092 discitur,.-

80 2102 114 2184 οὶ
138 2120 307 2184 declarant
328 2115 395 2182 alii.
448 2113 504 2181 sie
530 2114 755 2201 Asclepiades,
785 2117 861 2181 telle
888 2119 1067 2183 Plutarcho
1088 2117 1127 2183 in

78 2219 194 2308 placit.
208 2218 432 2305 philosopher.
443 2231 548 2298 5,8ο.
564 2215 755 2292 tradiderat,
777 2241 864 2282 anno
884 2237 930 2298 30
950 2221 1127 2294 senescere,
1171 2301 1173 2304 .

78 2340 217 2411 propter
243 2319 318 2385 solie
352 2321 482 2385 aestum.
532 2319 649 2384 Brevia
680 2319 770 2384 vitae
795 2319 830 2382 in
858 2319 974 2406 primia
1001 2319 1128 2411 drepida-

79 2419 193 2512 φάγοι
218 2421 330 2496 fuisse,
363 2444 426 2486 nec
448 2434 497 2505 4ο
520 2418 608 2485 vitoe
634 2443 759 2486 annum
783 2423 941 2486 excessisse
961 2423 1125 2489 seruntur.

79 2526 153 2590 vid.
169 2523 309 2590 Diodor.
327 2539 361 2603 3,
387 2543 442 2611 29.
469 2521 555 2587 Plin.
571 2527 606 2598 6,
622 2538 680 2606 55.
702 2524 723 2590 s.
741 2539 799 2604 5ο.
848 2527 964 2590 Strabo
997 2541 1031 2588 et
1055 2522 1125 2598 alii.

81 2649 166 2718 quoa
184 2629 225 2692 ad
239 2625 326 2692 Plin.
342 2647 370 2690 c.
386 2627 406 2689 l.
425 2623 552 2690 indicat
566 2623 770 2700 Harduinur,
788 2621 909 2713 quibus
924 2625 1002 2690 addi
1017 2627 1127 2712 potest

80 2754 122 2796 ex
148 2731 311 2794 Strabone
337 2727 481 2790 Eussath.
514 2727 556 2790 ad
580 2724 715 2808 Dionys.
743 2751 774 2791 v.
800 2739 884 2808 558.
945 2728 997 2795 Cl.
1023 2726 1126 2793 etiam

77 2835 225 2912 Blancus
238 2831 280 2894 ad
295 2831 449 2892 Paullum
465 2825 605 2890 Diacon.
621 2831 662 2891 de
678 2827 773 2914 gestie
786 2831 1032 2914 Langoberrlor.
1048 2853 1078 2904 r,
1095 2853 1125 2896 a.

79 2937 150 3001 Suo
173 2947 323 3016 tempore
343 2927 532 2993 Homeritas
551 2945 684 2995 vocatos
708 2929 769 2992 else
787 2929 866 2994 salso
883 2928 997 2996 scribit
1015 2933 1127 2996 Theo·

78 3037 209 3124 phanea
224 3035 360 3114 Byzant
376 3031 464 3116 apud
476 3027 634 3094 Photinm
649 3031 723 3094 cod.
734 3031 793 3112 64.
808 3052 841 3114 p.
855 3041 912 3110 58.
937 3034 978 3094 cle
995 3053 1063 3118 quo
1080 3031 1124 3097 of.

79 3136 209 3203 Ludols
226 3134 263 3199 in
286 3149 464 3198 comment.
477 3129 550 3201 hist
564 3129 718 3218 Aethiop.
733 3155 766 3196 n.
785 3149 842 3205 aa,
857 3147 890 3210 5.
906 3155 939 3218 p.
956 3135 1015 3212 68.
1053 3135 1125 3200 Ma·

78 3236 214 3306 erohioa
239 3235 276 3300 in
299 3233 436 3316 Erythia
468 3231 565 3320 ponit
594 3231 730 3316 Dionys.
753 3253 780 3298 c.
803 3235 825 3298 l.
856 3255 961 3320 prope
986 3237 1124 3322 Gangen

80 3345 202 3424 Glycat
224 3340 342 3402 Annel.
363 3338 399 3400 P.
419 3355 451 3401 a.
472 3357 505 3422 p.
528 3359 607 3403 tao.
626 3337 706 3401 l'en.
733 3351 766 3400 et
786 3355 890 3400 annos
916 3349 983 3416 ι5ο
1007 3333 1124 3401 vivere

80 3441 167 3508 dicit
198 3437 298 3504 etiam
325 3433 380 3503 dra*
410 3434 457 3502 rei
489 3426 726 3529 ἅνεξερεύνητα
755 3435 817 3504 τοῦ
847 3435 929 3508 θεοῦ
963 3433 1122 3528 κρίματα.

76 3549 187 3613 Brute
210 3539 247 3606 in
268 3537 387 3606 Reisen
407 3541 478 3604 Vol.
496 3559 527 3605 a.
550 3561 623 3628 pag.
640 3551 726 3619 555.
746 3537 782 3600 in
801 3554 940 3626 unaque
957 3535 1026 3602 Nili
1048 3538 1123 3626 ripa

76 3647 166 3714 infra
186 3640 358 3728 regionem
379 3639 554 3706 auriferam
574 3640 690 3724 (Gaba
704 3655 736 3704 et
752 3638 872 3721 Nudo)
894 3657 929 3702 et
944 3638 1122 3726 Hesperios

78 3745 278 3830 stangnum
292 3744 354 3808 elle
370 3759 475 3827 putat.
526 3744 683 3808 Ceterum
695 3743 820 3806 Melam
840 3739 957 3826 paucio
972 3763 1012 3806 ex
1026 3762 1122 3806 more

77 3842 265 3916 immutatio
280 3848 323 3910 fic
342 3841 489 3909 reddidit
503 3841 686 3910 Boccaciue
701 3844 743 3909 de
758 3839 906 3908 maribus
920 3843 941 3911 s.
957 3867 989 3907 v.
1006 3841 1122 3908 Ethio-

77 3950 176 4040 pieua
200 3966 362 4014 oceannaa
397 3944 573 4010 macrobios
593 3945 691 4012 habet
715 3947 852 4029 populos
863 3941 919 4038 fic
938 3945 1121 4010 momina·

77 4069 149 4129 tos,
174 4071 211 4116 eo
232 4048 320 4136 qaod
339 4049 431 4114 onae
442 4039 593 4141 spacium
604 4039 681 4140 fere
695 4047 829 4112 medium
844 4049 931 4110 ultro
944 4047 1027 4111 alios
1040 4069 1122 4112 mor·

79 4157 160 4222 tales
189 4151 383 4240 prodactam
414 4153 450 4214 a'rr
480 4150 621 4235 longum.
691 4150 758 4215 an
789 4146 836 4215 ita
869 4145 1122 4238 circumscripsit
