2696 4896
293 364 353 430 996
559 364 726 426 Nom
758 365 1074 424 cxcoccrctn

292 540 342 605 lor
364 541 410 604 lec
433 537 679 621 Hyperborc'ene
703 541 738 602 in
760 539 931 602 memoiree
954 567 1002 584 -
1023 539 1070 602 de
1094 537 1187 602 Paria
1216 537 1286 603 Vol.
1303 553 1331 614 7.

290 664 323 727 p.
348 656 426 717 to3.
458 640 515 700 ubi
540 655 572 702 et
598 642 638 702 de
663 641 813 723 primitiir
844 637 972 723 frugum
999 640 1143 722 explicat
1171 639 1332 720 gerharde

290 743 361 806 bled
380 742 399 805 s.
414 740 558 829 jovellcs.
609 741 762 804 Ceterum
784 752 906 822 praeter
927 739 1108 823 superiores
1131 755 1276 804 auctores
1296 743 1331 806 de

290 844 329 906 ile
346 841 435 905 [acria
451 855 483 904 et
506 843 569 902 rito
592 856 717 903 narrant
738 843 832 906 etiam
853 841 923 913 alii,
956 862 1034 924 quor
1057 840 1224 905 recensuit
1244 845 1332 925 Span-

290 945 378 1009 bem.
395 963 421 1004 c.
440 943 461 1006 l.
495 944 568 1006 virt.
583 945 680 1006 etiarn
697 942 877 1006 Valckenar.
893 944 932 1004 ad
946 944 1068 1006 Herod.
1090 955 1127 1022 4,
1145 925 1206 1023 3‘3.
1234 945 1330 1005 Herel-

291 1049 351 1108 dtte
367 1049 400 1106 in
415 1039 623 1106 animadvers.
638 1047 674 1106 ari
695 1045 905 1106 lamblichom
920 1065 951 1126 p.
966 1047 1035 1125 169
1055 1043 1100 1127 sq.
1126 1045 1185 1106 ubi
1205 1046 1329 1126 plurima

279 1131 359 1210 loce
388 1147 545 1230 conlegit;
588 1161 620 1208 et
645 1165 725 1228 quoa
752 1144 840 1228 sopra
871 1146 998 1207 laudavi
1029 1146 1072 1208 do
1109 1146 1328 1228 Hyperboreis,

290 1249 451 1328 Bayerua,
486 1247 639 1326 Gedoyn.
678 1247 811 1318 Banier‚
850 1247 972 1318 Freret‚
1006 1249 1062 1328 qui
1091 1248 1198 1310 multa
1224 1249 1263 1308 de
1286 1247 1328 1308 hie

292 1348 448 1411 sacrificiis
470 1367 645 1432 eorumque
665 1351 730 1408 ritu
754 1348 944 1411 adtulerunt.
997 1347 1159 1410 Ceterum
1185 1369 1224 1410 ex
1246 1345 1326 1410 Calli·

291 1451 406 1513 mecho
421 1447 472 1510 lua
486 1449 603 1513 Melam
624 1448 749 1512 haulille
767 1462 854 1530 putet
871 1448 1049 1530 Stephanus
1066 1451 1103 1512 in
1129 1447 1325 1530 praefatione.

290 1555 339 1616 Ita
363 1569 441 1614 vero
464 1551 559 1612 etiam
578 1551 687 1612 ribaria
709 1549 825 1629 Scytha
846 1571 862 1611 a
882 1549 1091 1632 popularibus
1113 1549 1178 1612 luis
1200 1549 1325 1611 htbenat

290 1655 412 1738 legatus
429 1671 502 1714 curn
519 1649 689 1744 ἀπαρχαῖς
704 1651 810 1724 millite
826 1651 878 1722 eil,
904 1663 941 1714 ut
956 1651 1108 1713 Cererem
1125 1649 1324 1713 Athenienses

290 1775 351 1840 pro
368 1753 495 1836 Scythia
515 1767 621 1816 exorta
642 1773 699 1835 per
720 1767 871 1813 terrarum
887 1752 998 1813 orbem
1019 1752 1186 1816 sterilitate
1202 1767 1232 1814 et
1249 1748 1323 1813 fame

290 1859 469 1939 expiarent,
501 1875 579 1937 quae
603 1854 745 1916 sacrificia
762 1846 945 1940 Προηρόσια
965 1852 1047 1914 dicta
1071 1852 1165 1925 lunt,
1198 1855 1244 1913 uti
1264 1873 1323 1914 nar·

289 1971 362 2020 rant
391 1954 545 2019 Stridens.
567 1946 757 2041 ιη”Δβαρις
780 1968 812 2015 et
839 1954 944 2016 Schol.
972 1955 1132 2036 Arilloph.
1158 1957 1198 2015 erl
1225 1955 1321 2034 Equit.

290 2079 325 2122 v.
346 2069 429 2133 725.
462 2059 513 2119 An
530 2057 565 2118 in
580 2056 689 2120 eadem
709 2053 795 2120 ceula
815 2057 921 2139 quaeri
937 2052 1031 2138 pessit
1045 2059 1142 2142 origo
1159 2059 1228 2119 eiue
1243 2057 1321 2124 ritur,

288 2158 420 2244 ignoro.

366 2358 583 2443 virgines)
633 2357 686 2427 stc
708 2363 841 2423 omnino
861 2379 935 2422 cum
950 2359 1035 2423 Mela
1055 2360 1183 2424 Plinioe
1201 2373 1231 2421 et
1247 2357 1317 2420 Soli·

290 2483 364 2528 nua.
397 2464 461 2526 Alii
479 2482 589 2524 earum
608 2463 740 2524 nornine
764 2460 922 2526 adferunt.
963 2463 1011 2524 Ab
1029 2464 1200 2526 Herodoto
1216 2473 1248 2538 4,
1265 2473 1316 2538 33.

290 2565 372 2626 dttoe
387 2577 690 2634 commemorantur,
713 2584 792 2645 quae
807 2565 947 2646 primum
967 2566 1118 2636 tulerunt,
1141 2561 1316 2646 Hyperoclu

290 2681 324 2730 et
349 2665 506 2756 Laodice,
546 2684 642 2745 qoem
669 2664 793 2728 lecutur
819 2665 863 2727 est
897 2665 1046 2727 Clemenr
1068 2685 1095 2728 c.
1116 2667 1139 2728 l.
1192 2662 1317 2727 subiicit

165 2753 169 2764 ¹
290 2780 398 2829 temen
415 2766 507 2828 aliem
521 2767 689 2828 Deliorum
707 2768 917 2828 narrationem
936 2767 1126 2836 Herodotus.
1154 2781 1213 2847 qna
1235 2776 1315 2823 anter

290 2868 325 2930 irl
351 2865 483 2929 fecerint
507 2869 588 2948 Arge
608 2879 640 2928 et
665 2865 757 2946 Opis.
808 2868 871 2930 Pro
899 2865 982 2946 Opis
1008 2867 1041 2926 in
1067 2866 1263 2929 Callimacho
1285 2863 1314 2922 in

290 2970 412 3032 Delum
427 2989 459 3030 v.
476 2983 559 3046 999.
574 2965 618 3030 est
636 2967 735 3046 Upis.
765 2987 821 3049 pro
842 2971 924 3048 Arge
939 2967 981 3028 eil
997 2967 1174 3048 Hecaerge,
1200 2985 1270 3046 quaa
1287 2971 1314 3024 et

289 3067 464 3157 agnoscunt
484 3069 554 3140 atti,
580 3069 627 3128 uti
648 3068 780 3131 Paulen.
797 3079 830 3146 5,
852 3083 884 3144 7.
912 3069 1041 3130 Servitte
1061 3071 1099 3130 ad
1118 3070 1226 3153 Virgil.
1243 3066 1313 3128 hen.

296 3193 352 3244 ιι,
369 3183 453 3251 559.
465 3183 499 3232 et
512 3181 595 3248 858.
622 3189 703 3251 quae
720 3170 829 3232 omnia
844 3168 986 3252 pluribus
1004 3185 1209 3251 exponuntur
1225 3188 1239 3227 a
1257 3163 1312 3226 sat·

288 3272 386 3336 rocho
407 3271 539 3334 adduae
560 3268 664 3334 inlcrr.
684 3271 823 3335 Herodia
841 3301 887 3314 -
904 3291 935 3352 p.
955 3286 997 3345 17
1015 3269 1057 3352 tq.
1082 3285 1113 3332 et
1127 3267 1313 3354 spanhemio

289 3375 329 3436 ad
351 3373 537 3436 Callimach.
561 3393 594 3435 v.
616 3387 700 3453 999.
748 3373 835 3455 Opin
857 3391 898 3434 etr
926 3373 1140 3454 Hyperboreis
1163 3363 1310 3432 advenillc

289 3473 395 3537 scribit
413 3486 445 3536 et
470 3473 654 3557 Apollodor.
673 3493 702 3544 ι,
724 3483 759 3554 4,
780 3484 816 3552 4.
850 3476 884 3534 in
908 3474 1052 3554 Deloque
1076 3474 1212 3535 menhlle
1233 3477 1312 3552 putat

289 3577 404 3655 Heyne
434 3577 472 3637 ad
500 3575 609 3659 virgtt.
636 3576 900 3652 Aen.1t,532.
953 3575 1000 3634 Ab
1034 3572 1099 3654 iplo
1126 3569 1309 3636 Callimacho

289 3679 419 3740 additur
444 3677 534 3739 tertie
560 3677 671 3746 Locro,
703 3695 816 3738 omnee
844 3675 964 3736 Boreae
999 3675 1088 3736 filiae.
1141 3669 1310 3760 Virginibus

289 3793 397 3842 autern
415 3779 455 3840 iic
469 3777 602 3841 comites
618 3774 748 3840 fuerunt
763 3777 840 3848 viri,
867 3779 906 3839 do
923 3776 1038 3858 quibua
1057 3776 1185 3841 deinde.

303 4059 304 4063 Ἰ
365 3999 435 4060 per
458 3977 663 4060 populos)
705 3979 753 4042 Ab
771 3977 987 4060 Hyperboreir
1004 3977 1041 4040 ad
1056 3977 1186 4057 Scythae
1200 3967 1307 4040 etinde

291 4079 330 4144 ad
347 4081 502 4144 finitimo·
524 4081 671 4152 tnneire.
697 4095 800 4144 narrat
822 4076 978 4144 Herodot.
994 4089 1030 4158 4,
1051 4091 1110 4159 35.
1145 4071 1308 4158 Arimaspoe
