2650 4896
116 391 168 448 ru
194 389 474 452 rotamur.
516 387 626 446 cnr.
667 389 800 452 cvm
842 389 920 460 tr.
977 399 1048 470 ²⁷5
1141 427 1144 436 .

17 563 179 629 Miscellan.
197 561 279 624 sacr.
296 571 332 641 4,
352 580 407 626 9ο.
428 577 461 624 et
473 563 666 646 Ludolphuo
681 559 718 624 in
734 578 911 626 comment.
928 559 1036 627 histor.

18 663 151 748 Aethiop.
173 687 204 736 ι,
220 665 281 735 96,
296 663 364 747 tsq.
397 665 561 727 Bocharto
577 661 754 726 adsentitur
769 661 868 727 ctiam
883 666 914 726 le
928 665 1038 727 Grand

18 770 49 830 ad
62 768 148 828 Lobo
169 783 299 847 voyage
315 763 500 827 d'Abislluie
516 763 584 828 diss.
602 769 634 830 6.
658 767 698 828 T.
719 789 747 829 ι.
775 786 864 850 pm.
884 765 954 843 596
971 765 1036 851 sqq.

19 866 63 954 qui
81 881 250 950 praeterea
274 867 315 927 ste
330 864 414 927 sorte
430 863 558 944 dictum
575 881 667 950 putat
687 887 705 928 a
726 868 874 930 clarfibus
891 867 1037 928 Salomo-

17 967 65 1030 nis.
102 963 861 1052 cteriamssruee(ueisen)v01.1.p.237.
898 965 1038 1030 Dubitat

18 1087 110 1132 tamen
135 1065 315 1129 Reimarus
339 1068 380 1128 ad
407 1066 507 1131 Dion.
530 1071 590 1145 68,
615 1079 670 1146 98.
704 1091 780 1132 cum
807 1071 848 1130 src
874 1089 1037 1154 nusquam

15 1191 90 1231 mare
105 1169 304 1252 adpelletur.
353 1165 527 1232 Alias-eiua
547 1167 692 1232 nominis
715 1170 822 1232 causas
838 1167 923 1232 infra
938 1170 1034 1232 dabo.
1133 1159 1136 1166 ’

15 1273 91 1332 Idem
111 1289 192 1331 vero
217 1267 322 1331 etiam
346 1285 481 1332 vocatur
509 1291 593 1334 arare
617 1271 816 1334 meridionosa
843 1267 953 1356 (vorsu
977 1263 1037 1334 aa·

15 1370 125 1446 Aaron)
149 1372 190 1432 ab
222 1369 395 1432 Herodoto
421 1389 453 1443 9,
481 1382 560 1449 ι58.
597 1370 656 1434 ubi
690 1369 825 1459 quidem
856 1367 1036 1454 obponitur

16 1468 123 1534 boreali
144 1468 167 1534 i.
183 1491 214 1534 e.
233 1469 366 1534 interno
382 1472 421 1534 ad
431 1469 569 1551 Syriam.
604 1473 653 1536 Cf.
668 1483 703 1551 4,
722 1489 779 1550 37.
819 1473 866 1534 Ita
876 1468 1035 1534 Arabicae

17 1575 84 1634 snus
100 1571 129 1632 se
151 1570 299 1634 effundit
320 1570 362 1647 εἰς
377 1569 434 1636 τόν
455 1569 543 1638 nurci
561 1571 763 1662 μεσημβρίαν
783 1565 923 1637 ὠκεανὸν
945 1569 1034 1656 apud

16 1671 135 1734 Diodor.
154 1688 188 1750 3,
208 1685 269 1749 58.
294 1687 326 1734 et
342 1673 401 1736 sec.
418 1675 610 1736 Strabonem
625 1693 658 1739 9.
680 1697 712 1758 p.
731 1685 789 1752 83.
805 1674 826 1738 s.
847 1693 926 1736 ι9ι.
947 1686 1034 1734 uter·

16 1795 68 1857 qne
91 1775 173 1834 sium
203 1773 247 1848 εἰς
274 1769 383 1840 νοτίαν
406 1771 596 1850 Solitariam
639 1774 795 1859 idemque
818 1772 970 1837 Arabiam
992 1773 1034 1834 ad

17 1895 90 1934 mare
108 1873 313 1938 Atlanticum
336 1873 498 1958 permittit
519 1879 572 1942 16.
590 1899 621 1960 p.
640 1887 722 1956 598.
741 1875 761 1938 s.
778 1873 861 1952 767.
913 1875 978 1936 Sed
997 1869 1033 1934 in

17 1973 124 2035 ambitu
158 1973 233 2038 eius
260 1991 293 2037 et
318 1973 439 2038 finibus
463 1975 638 2041 statuendis
671 1975 855 2060 discrepant
883 1991 1034 2036 veterum

17 2074 213 2140 narrationes.
252 2077 355 2139 Modo
371 2075 460 2140 enim
479 2075 605 2150 latiori,
629 2079 729 2140 modo
747 2073 924 2161 angustiori
942 2073 1035 2136 sensu

17 2175 144 2258 ponitur.
175 2175 303 2240 Latiori
319 2175 398 2240 facit
412 2179 494 2240 duos
510 2182 606 2252 finus,
624 2177 798 2242 Arabicum
814 2195 847 2240 et
858 2179 1034 2246 Persicum,

18 2297 70 2360 quo
86 2275 250 2341 intellexit
263 2279 387 2351 Noster,
413 2281 528 2341 Strabo
550 2283 603 2344 16.
620 2303 651 2365 p.
670 2279 753 2358 596.
768 2281 788 2344 s.
802 2283 883 2357 765.
900 2275 1032 2362 aliique.

19 2377 181 2459 Angustiori
218 2379 311 2464 saepe
337 2381 378 2442 de
407 2379 543 2444 Arabico
574 2384 644 2444 srnu
669 2379 802 2446 dicitur.
862 2377 917 2442 Sic
943 2395 1035 2439 mare

18 2479 135 2540 rubrum
159 2481 288 2543 Persico
311 2479 448 2564 obponit
470 2480 682 2560 1>tin.6,3e.
705 2483 725 2550 s.
748 2495 805 2559 98.
832 2478 889 2542 ubi
912 2475 1033 2548 scribit,

20 2577 150 2642 Arabiam
170 2579 260 2644 inter
280 2583 346 2642 duo
370 2581 426 2642 illa
448 2573 778 2666 maria'procurrere‚
805 2597 842 2644 ut
859 2581 900 2642 de
916 2575 1034 2642 Arabia

19 2679 147 2762 loquitur
164 2680 265 2744 etiam
276 2680 436 2744 Amntian.
455 2699 511 2762 23,
528 2686 560 2747 si.
579 2707 609 2766 p.
624 2705 704 2764 990.
722 2687 867 2747 (ironot'.
891 2701 950 2765 pro
968 2699 1034 2764 quo

20 2776 137 2860 lliouys.
153 2807 184 2845 v.
201 2802 287 2864 999.
307 2785 405 2844 habet
426 2805 508 2845 ruore
526 2783 681 2876 Perficum
699 2801 731 2846 et
746 2783 924 2854 Arabicum,
952 2783 1034 2844 Oro·

22 2879 70 2939 siut
88 2903 113 2952 r,
132 2902 161 2946 9.
184 2905 257 2968 pag.
279 2895 332 2962 14.
349 2887 484 2948 Haverc.
501 2883 608 2972 finum
624 2883 779 2976 Persicum
799 2899 832 2945 et
855 2882 1032 2946 Arabicum.

22 2971 126 3043 Eadem
149 2982 310 3070 obpositio
334 2985 377 3046 est
401 2983 436 3046 in
458 2983 566 3048 Plinio
587 3001 645 3062 39,
674 3009 727 3048 ιι.
749 2985 772 3048 i.
792 3003 822 3048 9.
874 2985 911 3044 ld
934 2999 1035 3064 porro

22 3074 200 3166 intelligitur
224 3107 264 3148 ex
286 3087 345 3148 litu
369 3083 589 3148 adiacentium
612 3091 769 3150 locorum.
809 3081 865 3148 sic
884 3078 1035 3144 Arabiam

24 3198 87 3241 tum
101 3186 213 3249 Noslro
234 3211 264 3259 ι,
284 3209 338 3253 ιο.
362 3185 488 3248 Plinius
503 3200 537 3262 5,
559 3205 613 3251 ι9.
627 3188 646 3250 s.
664 3211 717 3250 tt.
737 3187 777 3248 ad
793 3187 930 3246 rubrum
945 3201 1036 3242 mare

24 3295 50 3340 et
68 3284 258 3350 odoriferam
281 3285 372 3350 illam
393 3289 504 3350 beatae
530 3287 729 3371 cognomine
755 3284 914 3348 inclutam
939 3278 1037 3366 perti·

24 3400 88 3443 uere
104 3385 201 3460 dicit,
229 3387 305 3459 ubi,
329 3409 406 3452 cum
419 3402 528 3472 aperte
544 3387 694 3453 Arabiam
709 3385 847 3450 slerilerir
865 3381 1038 3468 intelligat,

24 3501 99 3546 mare
124 3491 260 3552 rubrum
283 3486 443 3552 etiamad
468 3491 571 3552 smum
593 3493 757 3553 Persicum
784 3483 1039 3570 referripotest.

28 3579 72 3646 Sic
84 3587 232 3652 Arsinoen
244 3588 328 3654 Plin.
344 3613 372 3654 c.
391 3592 412 3652 l.
436 3589 526 3652 rubri
543 3588 642 3654 maris
658 3589 818 3676 oppidum
834 3585 923 3658 lucit,
950 3583 1039 3670 quod

26 3685 140 3766 proprie
166 3704 234 3753 erat
259 3695 342 3752 sinuo
368 3687 510 3754 Arabici.
575 3691 686 3754 Sinam
712 3707 860 3753 montem
883 3689 925 3750 ad
949 3705 1039 3770 mare

28 3783 146 3852 rubrum
165 3790 261 3876 ponit
275 3789 456 3874 Procopius
471 3793 512 3854 de
529 3791 625 3856 aedis.
642 3807 675 3870 5,
699 3803 731 3869 8.
755 3787 880 3874 Cephei
904 3807 1042 3872 regnum

28 3881 128 3951 Conon
143 3911 258 3956 narrat.
274 3905 333 3973 4ο.
351 3914 368 3953 a
384 3891 466 3954 mari
484 3891 614 3956 interno
630 3894 673 3955 ad
689 3913 760 3954 eam
769 3913 874 3975 usque
882 3886 1043 3959 Arabiam,

29 4003 98 4066 quae
111 3991 219 4056 vicina
238 3995 280 4057 esl
298 3996 397 4057 rubro
417 3991 502 4056 mari
521 3993 543 4056 i.
560 4015 587 4056 e.
603 3991 740 4057 Arabico
757 3989 850 4062 aaut
874 3987 1044 4075 permittit

27 4083 69 4148 Cf·
86 4091 219 4181 Procop.
242 4097 283 4158 de
305 4096 393 4159 bello
414 4095 500 4161 Pers.
523 4119 553 4168 ι,
579 4113 633 4176 ι9.
650 4092 696 4158 in.
725 4092 854 4158 Salmas.
879 4093 925 4155 ad
942 4089 1045 4158 satin.
