2650 4896
239 423 300 490 262
506 419 666 490 Notae
703 423 1004 491 exaauttctz

244 617 318 666 eum
333 595 395 660 hoc
412 597 519 680 potina
537 596 572 660 fit
588 595 738 662 Cameria
756 597 932 662 Ptolemaei
949 597 1013 661 c.l.
1039 611 1078 658 ut
1096 598 1160 660 iam
1181 611 1279 662 antea

221 680 398 766 'iudicarit
423 699 581 762 Ferrarius
604 699 639 761 iu
665 700 742 762 Lex.
767 699 882 784 Gaogr.
905 697 927 762 i.
948 719 981 760 v.
1006 697 1185 768 Celaienrn.
1220 700 1280 762 ubi

245 799 411 866 Bandrand
435 800 571 862 aliorum
588 799 756 864 sententiaa
770 797 880 864 adfert.
932 798 1083 862 Ceterum
1099 820 1164 863 non
1180 802 1282 863 nimia

246 900 353 963 levere
375 900 529 985 exigenda
556 899 615 964 elle
635 920 671 964 ca
694 902 771 962 dicit
793 899 953 962 d’anrtlle
974 921 1005 982 p.
1025 913 1106 978 125.
1133 921 1215 982 quac
1238 903 1280 964 de

246 999 451 1064 conversione
469 1020 541 1066 orae
556 1005 591 1064 in
607 1002 672 1064 hoc
686 1002 910 1085 promontorio
923 1015 1035 1072 narret,
1061 1003 1166 1066 immo
1182 1005 1282 1063 maxi·

247 1122 302 1168 tue
319 1103 498 1167 mirandum
512 1103 589 1173 elle.
613 1103 698 1184 quoti
712 1123 781 1166 eam
797 1104 830 1164 in
846 1103 903 1164 hac
919 1121 972 1164 ora
988 1104 1123 1164 omnino
1140 1103 1283 1172 noverit.

251 1222 324 1264 cnm
349 1203 550 1266 Ptolemaeus
579 1204 785 1288 ignoraverit.
838 1204 900 1264 Hic
921 1223 1038 1285 nempe
1059 1204 1166 1265 multo
1190 1205 1284 1268 aliter

106 1377 111 1386 ‚
246 1303 343 1370 laren
358 1304 434 1366 haec
450 1306 558 1370 indiae
571 1305 705 1368 ostendit
717 1318 750 1368 et
764 1320 873 1368 contra
886 1324 1010 1368 verum.

330 1505 514 1594 Gangas)
556 1507 611 1570 Gr.
634 1500 782 1592 Γάγγης.
823 1505 986 1570 Δίιινειιι
1013 1525 1135 1568 nomeu
1160 1505 1283 1572 traxill'e

252 1606 348 1670 tradit
364 1607 488 1690 lpuriue
503 1607 659 1672 Plutarch.
677 1608 716 1670 tle
736 1609 825 1674 flum.
837 1607 871 1670 h.
885 1628 916 1671 v.
938 1606 1037 1688 quise
1054 1609 1088 1668 iu
1105 1625 1180 1670 euru
1197 1627 1284 1689 prae·

249 1709 415 1789 cipitavit‚
439 1729 515 1772 curn
530 1722 619 1772 antea
635 1709 786 1772 Chlierus
805 1724 981 1770 vocaretur.
1019 1708 1182 1789 Gangem
1198 1709 1282 1769 Gan·

252 1829 332 1890 garo
354 1806 559 1874 vetustillrmo
582 1811 690 1872 Indiae
714 1829 788 1892 rege
814 1808 947 1881 dictum,
973 1810 1128 1890 quondam
1151 1807 1288 1892 potesta,

253 1909 350 1974 refert
369 1911 536 1977 Boccatiue
557 1910 596 1973 de
618 1909 804 1976 fluminibus
818 1911 850 1974 h.
867 1931 900 1976 v.
953 1909 1065 1972 Oritur
1087 1909 1143 1972 lec.
1163 1909 1285 1972 Melam

252 2011 290 2072 in
313 2011 454 2078 Hemoda
477 2011 593 2074 Indiae
618 2024 723 2074 monta
748 2011 854 2072 multis
869 2001 1035 2101 forctibus.
1085 2012 1219 2074 Secutus
1241 2009 1286 2074 est

253 2111 508 2182 Artemidorum.
540 2115 596 2196 qui
618 2111 692 2176 telle
713 2111 867 2174 Strabone
887 2122 941 2190 15.
962 2131 1032 2196 pag.
1048 2122 1132 2192 494.
1157 2109 1180 2175 s.
1198 2127 1283 2190 ¹719.

254 2212 342 2273 irlam
358 2215 495 2276 tradidit.
528 2212 596 2296 lple
609 2233 685 2276 vero
700 2212 811 2276 Strabo
827 2225 916 2276 antea
930 2233 961 2295 p.
971 2223 1056 2292 474.
1072 2212 1092 2275 l.
1105 2213 1191 2292 690.
1206 2231 1286 2273 eum

254 2324 290 2374 et
309 2313 425 2374 ludum
446 2315 584 2396 olioaqne
600 2334 618 2376 a
634 2312 770 2377 Caucaso
786 2313 918 2382 derivat.
951 2309 1031 2380 'Arre'
1053 2335 1136 2387 τινος
1152 2305 1287 2377 Kanai·

211 2433 216 2444 ·
256 2431 316 2476 σου
353 2404 446 2501 ὅρους
476 2411 632 2502 &parmati
666 2409 864 2479 ἀνατολικοῦ
894 2413 1035 2479 Eustath.
1076 2415 1113 2476 ad
1148 2411 1284 2492 Dionys.

257 2533 292 2580 v.
313 2527 417 2592 1088.
438 2529 474 2578 ut
492 2515 590 2578 lnrlua
605 2535 643 2578 ex
658 2519 773 2578 eodem
790 2513 889 2577 fonte.
929 2516 992 2578 Sed
1009 2517 1048 2578 ad
1063 2537 1094 2578 r.
1116 2537 1127 2576 r
1142 2525 1221 2594 143.
1246 2533 1286 2576 ert

127 2625 129 2635 '
256 2615 393 2679 Emodia
412 2617 576 2683 montibue
599 2615 696 2680 ducit.
748 2617 869 2680 Plinius
885 2615 918 2688 6,
939 2632 997 2684 22.
1019 2615 1041 2680 l.
1062 2626 1117 2692 18.
1142 2618 1285 2696 Gangen.

257 2716 378 2796 inquit,
408 2717 463 2778 alit
485 2716 611 2780 incertis
620 2707 785 2806 fontibus,
810 2731 846 2780 ut
864 2717 986 2788 Nilum,
1011 2749 1055 2764 -
1083 2717 1138 2779 alii
1159 2720 1194 2778 r'rt
1210 2716 1286 2797 scy-

257 2817 356 2878 tlu'eis
371 2814 525 2880 urentibus
539 2808 627 2910 nasci
641 2817 799 2888 diruerunt,
823 2835 902 2899 quae
920 2818 1015 2882 verba
1030 2819 1168 2880 reddunt
1181 2817 1284 2881 Solita.

258 2937 286 2984 c.
303 2931 360 2994 52.
379 2917 399 2980 l.
411 2927 470 2993 55.
487 2931 519 2978 et
535 2918 629 2982 Mart.
646 2919 774 3001 Capella
792 2921 824 2984 6.
838 2939 869 3000 p.
883 2931 966 2998 223.
986 2919 1102 3000 etpost
1118 2919 1285 2982 Boccatiur

257 3019 298 3079 de
318 3019 503 3084 fluminibus
518 3019 550 3080 h.
569 3041 600 3082 v.
634 3019 696 3083 Sed
715 3019 844 3082 Orosrua
865 3041 892 3091 r,
909 3035 942 3083 a.
957 3041 988 3103 p.
1006 3021 1282 3088 21.ed.Harerc.

257 3137 364 3190 mons.
394 3120 516 3199 inquit,
549 3111 736 3210 Oscobares,
758 3122 898 3200 (variant
923 3119 1046 3200 codd.)
1079 3119 1131 3182 aba·
1157 3121 1285 3200 Ganges

246 3212 373 3308 fluvius
394 3221 503 3286 oritur.
530 3223 650 3303 (prope
668 3221 790 3300 Dahae)
824 3219 953 3285 Curtius
975 3233 1008 3299 ss.
1030 3239 1063 3301 9,
1086 3235 1120 3300 5.
1140 3219 1181 3283 ab
1199 3231 1282 3291 ortu,

255 3321 377 3400 inquit.
402 3321 532 3382 eximius
544 3319 588 3382 ad
604 3319 805 3382 meridianam
823 3324 972 3402 regionem
989 3321 1139 3392 decurrit,
1165 3321 1220 3382 ubi
1242 3317 1283 3380 ab

256 3433 330 3485 ortu
350 3423 520 3504 exponitur
535 3421 573 3483 de
589 3423 728 3506 origine,
755 3441 849 3504 quana
871 3423 910 3484 lic
927 3443 1006 3506 vage
1022 3424 1118 3485 nimir
1132 3423 1284 3483 indicavit

258 3521 400 3586 Curtiue.
451 3524 517 3584 Diu
533 3537 565 3584 et
587 3523 749 3604 polleriori
764 3541 843 3585 aevo
863 3523 1022 3585 latuerunt
1034 3523 1138 3586 fontea
1154 3521 1281 3606 Gaugic

256 3641 352 3704 quare
380 3623 457 3684 haec
487 3622 691 3704 discrepantia
714 3622 803 3686 facile
826 3622 1003 3696 excusatur,
1019 3667 1021 3670 -
1036 3637 1070 3686 et
1093 3625 1282 3690 recentiores

254 3726 355 3786 etiam
377 3724 527 3807 superiori
547 3720 668 3786 saeculo
693 3723 754 3788 ella
779 3706 930 3807 putarunt
949 3725 984 3787 in
1010 3723 1193 3796 montibus,
1228 3724 1282 3805 qui

253 3825 380 3890 ludiaru
398 3846 415 3888 a
429 3824 570 3886 Thibeto
592 3825 763 3896 dirimunt,
787 3844 859 3887 cum
876 3839 983 3889 tamen
997 3825 1072 3888 hinc
1086 3845 1105 3888 e
1119 3825 1282 3887 urentibus

257 3925 389 3988 demum
410 3927 632 4010 progrediatur
644 3939 676 3988 et
690 3927 834 4008 adpareat
847 3926 959 4012 magle.
995 3925 1138 3990 Debetur
1152 3926 1282 4009 originia

254 4026 370 4088 notitia
382 4026 516 4098 'leluitin
534 4027 589 4109 qui
605 4025 683 4090 iulio
706 4027 901 4109 imperatorie
920 4025 1129 4092 Chinenlium
1146 4026 1283 4088 lien-lai

253 4125 309 4190 illa
322 4126 391 4192 loca
409 4129 612 4214 explorarunt
627 4141 660 4191 et
673 4127 786 4192 tabulis
801 4127 1021 4212 exprelierunt.
1060 4129 1110 4194 Ex
1126 4146 1190 4211 quo
1206 4140 1282 4192 tero·
