2746 4894
100 409 156 468 ru
183 407 325 468 roua.
353 409 463 468 unt.
505 408 542 466 ι.
563 411 617 466 ιιι
658 407 694 472 e.
714 410 793 500 vni.
834 413 912 494 ιι.
935 437 983 478 ιο.
1024 419 1089 508 ει,

40 573 119 652 lael.
137 611 189 626 -
211 577 271 658 τᾶς
290 576 354 658 ἴβις
371 577 432 657 τᾶς
454 573 591 672 ὄρνιθας,
607 571 804 664 dannatione
820 580 850 664 ἐς
865 581 924 676 τὴν
945 587 1088 686 ἐσβὸλῆν

39 673 169 772 ταύτης
185 686 242 770 τῆς
255 679 379 774 χώρης,
396 673 434 750 αὖ
448 683 594 774 παριέναι
608 678 687 762 τοὺς
701 677 790 769 ὄφις,
807 686 900 754 alle
915 696 1088 764 narnurrr'.

39 807 115 852 νειν.
156 784 350 848 Ammianus
370 809 398 851 e.
420 789 441 850 l.
470 773 539 858 eoi,
575 802 747 872 antequam
765 787 889 885 fiinibus
906 785 980 886 surl-
999 821 1086 864 m,

39 888 141 962 dane.
166 889 296 971 proeliis
306 881 480 981 superatos
500 891 595 956 aeriis
614 905 744 955 vorarat.

206 1092 238 1174 ll.
269 1113 324 1156 ιο.
375 1091 591 1176 Phoenix)
639 1093 766 1157 Multae
788 1096 862 1160 lunt
880 1114 913 1161 et
931 1115 1085 1170 veterum

40 1207 73 1254 et
97 1191 327 1256 recentiorum
352 1192 478 1260 dehac
502 1215 561 1258 ave
584 1194 788 1260 narrationes
812 1214 845 1260 et
867 1199 1081 1283 quaestiones.

37 1296 88 1358 Ex
108 1290 279 1370 veteribne
305 1293 444 1358 notandi
469 1296 658 1361 Herodotus
680 1316 712 1369 e,
739 1313 796 1375 73.
830 1301 1013 1384 Horapollo
1037 1307 1083 1372 de

38 1393 301 1480 hieroglyphicia
322 1394 559 1482 Aegyptiorum
586 1417 623 1482 a.
644 1415 702 1479 57.
742 1397 841 1464 Ovid.
867 1403 1003 1469 Metam.
1025 1418 1083 1488 15,

41 1513 110 1578 392
127 1497 198 1584 qu.
222 1495 353 1562 Plinius
373 1521 428 1572 ιο,
446 1517 479 1566 2.
504 1498 584 1586 (qui
600 1501 808 1564 Herodotum
825 1501 992 1590 seqnitur)
1019 1509 1082 1573 T..

38 1597 124 1663 eitua
144 1601 262 1662 Annal.
286 1603 320 1676 6,
345 1610 404 1678 28.
441 1597 567 1666 delian.
590 1603 631 1664 H.
654 1605 714 1666 An.
737 1605 771 1677 6,
797 1615 854 1683 58.
892 1607 1081 1675 Athenaeus

43 1711 182 1782 1420.
215 1699 398 1766 Philostrat.
419 1700 488 1766 vita
510 1701 678 1787 Apollonii
697 1719 732 1785 3,
751 1715 811 1786 49.
849 1703 1015 1772 Lucienus
1038 1711 1082 1776 de

36 1819 145 1866 morte
159 1800 333 1892 Peregrini
350 1824 378 1868 c.
398 1819 455 1884 ιγ.
488 1803 632 1869 Achillea
646 1803 764 1868 Tatina
779 1807 820 1869 de
834 1803 912 1872 Clit.
928 1823 962 1872 et
977 1813 1079 1878 Leuc.

38 1924 142 1968 amor.
161 1920 194 1985 5.
214 1925 286 1988 pag.
306 1919 388 1986 215.
422 1901 556 1969 Solinus
573 1929 642 1991 cap.
660 1907 754 1986 33.s.
774 1911 833 1985 36.
859 1928 1001 1994 quorum
1021 1910 1080 1976 alii

36 2004 219 2090 prolixius,
247 2005 303 2070 alii
326 2005 459 2072 brevius
478 2006 518 2070 de
535 2029 572 2070 ea
589 2007 762 2082 dixerunt,
789 2025 827 2074 nt
846 2025 991 2086 taceam,
1018 2013 1078 2100 qni

37 2109 112 2170 data
128 2110 297 2171 occasione
314 2107 385 2172 eiua
401 2105 608 2172 mentionem
627 2109 788 2178 fecerunt.
827 2111 959 2175 Exstant
977 2111 1081 2181 etiam

35 2207 72 2272 in
88 2231 162 2272 eam
179 2208 324 2276 carmina
341 2207 515 2277 Claudiani
539 2226 572 2275 et
591 2209 766 2276 Lactantii.
817 2214 868 2274 Ex
890 2213 1079 2281 recentiori·

35 2313 97 2374 bur
119 2307 258 2396 plurimi
282 2313 367 2379 lrano
385 2311 529 2377 fabulam
544 2314 767 2386 excuderunt,
795 2311 900 2376 veluti
921 2315 1080 2383 Ornitho-

35 2411 123 2497 logi,
151 2427 186 2476 et
207 2411 265 2499 qui
288 2415 329 2478 ad
350 2429 501 2478 veterum
521 2416 594 2478 loca
615 2411 671 2477 illa
692 2411 906 2478 commentati
922 2416 1014 2491 lunt,
1040 2417 1079 2484 in

34 2511 75 2580 iis
107 2512 256 2578 maxime
285 2513 440 2582 Barthiua
469 2515 510 2577 ad
542 2514 782 2593 Claudianum,
818 2515 875 2602 qui
900 2515 1078 2603 diligenter
1184 2573 1187 2586 .

35 2632 186 2682 auctores
211 2614 333 2706 priseos
359 2614 519 2688 contulit,
554 2617 649 2703 supra
674 2616 774 2682 etiam
799 2616 941 2682 omilloa.
992 2623 1078 2688 Data

35 2739 135 2804 opera
152 2717 195 2782 de
209 2740 248 2784 ea
267 2716 491 2784 disseruerunt
506 2716 620 2804 aliqui,
642 2736 679 2782 ut
697 2717 937 2806 Gryphiander‚
958 2720 1077 2788 Kinoli-

33 2841 203 2901 meyerus.
235 2817 452 2905 Dendngiua,
477 2817 587 2882 David
607 2819 758 2904 Calpari,
786 2824 850 2884 lac.
871 2823 1076 2898 Thomafiua.

33 2923 208 2994 Polnerue,
234 2943 376 3008 quorum
394 2918 541 2985 indicem
557 2921 661 2984 debeo
678 2919 1075 2990 doctrinaeWernadorfii

33 3021 67 3086 in
89 3021 162 3087 dill.
182 3024 226 3086 de
240 3021 402 3089 Laetantii
424 3019 591 3088 Phoenice
614 3043 645 3107 p.
665 3042 747 3104 29⁰·
774 3021 811 3084 in
835 3025 876 3086 T.
894 3039 926 3104 3.
950 3043 1074 3109 poetar.

33 3123 142 3190 Latin.
162 3123 344 3190 minorum.
394 3122 485 3190 Alina
505 3123 664 3210 quosdam
688 3139 856 3208 praeterea
875 3145 1089 3192 commemo·.

33 3243 105 3291 rant
122 3225 298 3292 Reimarus
321 3227 361 3290 ad
381 3225 483 3290 Dion.
500 3237 560 3304 58,
585 3241 641 3307 27.
666 3241 699 3288 et
720 3227 867 3288 Gronov.
891 3227 931 3287 ad
948 3225 1074 3308 Aelian.

33 3331 65 3405 6,
84 3343 145 3409 58.
185 3327 270 3393 addi
294 3328 419 3416 potest.
443 3329 533 3415 quod
554 3324 654 3390 etiam
673 3325 709 3388 in
730 3323 860 3396 numia,
888 3325 993 3390 veluti
1011 3332 1075 3392 Ha-

32 3428 161 3504 driani,
188 3431 305 3494 eadem
327 3429 447 3516 figura,
475 3449 540 3516 qua
559 3429 745 3492 Herodotus
762 3444 796 3491 et
811 3427 938 3490 Plinius
960 3428 1076 3494 deleri-

29 3533 185 3619 plernnt‚
219 3533 361 3618 exprella
384 3527 548 3603 cernitur,
580 3546 618 3593 ut
636 3532 672 3592 stt
694 3527 914 3606 aeternitatis,
945 3533 1000 3592 rel
1024 3529 1073 3594 in·

28 3633 236 3699 staurationir
258 3634 456 3716 symbolum.
507 3631 558 3696 Cf.
576 3629 730 3704 Petinae,
761 3629 872 3695 Patini
894 3629 1000 3704 filiae,
1030 3632 1072 3694 de

28 3735 197 3823 phoenice
229 3734 266 3800 in
293 3733 491 3798 numismate
523 3731 683 3797 Antonini
710 3733 893 3798 caracallae
928 3733 1070 3816 exprello

25 3837 166 3923 epistola
185 3840 300 3906 Venet.
328 3839 433 3914 2683.
473 3849 507 3898 et
526 3855 609 3922 quoa
636 3849 801 3920 praeterea
823 3833 928 3896 adfert
949 3834 1073 3898 Rasche

27 3939 65 4005 in
80 3943 166 4005 Lex.
188 3961 280 4005 nunt.
298 3940 339 4002 T.
359 3953 390 4016 3.
411 3939 447 4000 P.
467 3955 501 4021 22
516 3957 588 4022 pag.
613 3949 717 4014 ²25¹·
769 3935 951 4000 Ostendant
971 3933 1072 3998 etiam

25 4063 202 4128 gemmae,
229 4041 271 4104 de
294 4039 432 4127 quibua.
465 4053 503 4100 ut
521 4039 563 4100 de
584 4036 713 4110 numia,
744 4033 901 4111 Bracciua
918 4034 952 4096 in
968 4037 1072 4100 Phoe·

25 4141 114 4210 nicia
140 4141 211 4208 avia
231 4139 400 4214 vindiciis,
424 4143 548 4204 llomae
572 4137 675 4224 ιδῃ.
699 4150 735 4219 4.
784 4133 952 4224 Equidem
971 4137 1074 4204 exiit

75 4261 177 4337 Pomp.
195 4261 289 4319 Melo.
309 4262 426 4336 Ειωμι.
440 4258 479 4315 L·
491 4257 545 4316 111.
780 4241 839 4310 Aa
