2650 4896
257 402 328 469 ποι.
400 399 401 406 ’
521 385 681 448 NOTAE
721 386 1023 446 rxnoartcan

253 562 335 630 iacit
350 566 384 640 6,
405 572 461 642 34.
479 561 501 625 s.
525 579 580 642 29.
605 581 623 622 a
640 558 863 634 Ptolemaide,
890 557 1088 645 cognomine
1103 559 1290 647 Epithetas.

251 662 374 733 Azania
399 679 526 734 autem,
566 661 654 724 unde
677 679 849 736 vocatum,
887 661 998 726 vicina
1025 663 1067 726 est
1091 663 1293 750 Aethiopiae

252 764 343 850 regio
369 764 549 826 secundum
573 766 797 830 Ptolemaeum
816 776 851 844 4,
874 775 906 840 8.
949 763 1006 850 qui
1026 776 1061 844 4,
1087 783 1120 844 7.
1143 767 1291 850 adpellat

251 887 342 930 mare
357 861 571 928 Barbaricum
589 864 630 926 ad
646 867 787 948 Raptum
803 864 1069 950 promontorium
1083 866 1289 950 pertingens,

252 984 285 1032 et
306 969 406 1030 rubro
428 963 510 1027 mari
530 963 679 1029 vicinum
701 965 798 1039 facit,
829 965 878 1028 uti
896 989 952 1051 per
974 989 1097 1030 nexum
1117 983 1151 1029 et
1171 966 1289 1030 seriem

249 1065 389 1134 Plinius.
440 1068 488 1130 Ab
507 1069 604 1130 altera
626 1083 717 1151 parte
733 1065 894 1130 orientem
907 1068 1017 1130 versus
1033 1091 1121 1130 mare
1135 1071 1288 1143 rubrum,

243 1170 340 1264 ¹quod
364 1170 403 1230 ab
429 1183 571 1252 utroque
595 1171 665 1230 sinu
689 1169 871 1253 separatum
900 1167 1053 1232 describit
1074 1172 1289 1234 Ptolemaeus

250 1275 285 1343 6,
311 1287 343 1346 7.
375 1267 467 1330 idem
489 1267 656 1332 connectit
673 1273 706 1342 6,
726 1282 759 1346 8.
782 1267 828 1332 in.
856 1293 931 1333 cum
956 1273 1024 1331 sinu
1048 1269 1227 1334 Carmanio
1254 1288 1289 1334 et

248 1371 328 1436 hinc
345 1391 422 1434 cum
437 1367 519 1432 anri
534 1369 667 1444 Iudico,
693 1369 729 1434 in
750 1392 816 1456 quo
832 1369 930 1433 etiam
953 1369 1072 1434 insulas
1088 1371 1291 1434 Carmaniae

248 1471 435 1537 adiacentes
455 1487 543 1534 extra
567 1475 668 1534 sinum
689 1473 851 1535 Peraeam
867 1471 971 1556 ponit.
1024 1470 1153 1536 Plinius
1167 1475 1205 1545 6,
1227 1485 1286 1550 28.

246 1577 268 1640 s.
288 1591 342 1654 23.
367 1575 503 1635 rubrum
524 1595 612 1636 mare
630 1573 740 1636 versus
757 1571 918 1636 orientem
937 1595 956 1636 a
973 1576 1043 1635 sinu
1057 1576 1184 1636 Persico
1200 1571 1287 1637 inci·

246 1674 315 1762 pit,
351 1672 387 1736 iu
414 1695 511 1758 quem
538 1671 708 1758 irrumpat.
760 1677 808 1736 lta
831 1695 929 1748 vero,
961 1673 1038 1761 quia
1066 1675 1286 1739 Comanium

245 1797 337 1841 mare
360 1773 503 1858 ignorat,
531 1773 731 1860 coniungere
754 1774 886 1838 videtur
903 1799 979 1839 cum
1000 1773 1081 1838 mari
1103 1775 1239 1849 indico,
1269 1799 1288 1840 a

245 1899 312 1966 quo
335 1875 435 1938 etiam
457 1875 547 1938 rubri
566 1875 664 1938 maris
687 1875 845 1939 terminos
863 1883 903 1943 ad
926 1879 1081 1940 recessum
1104 1881 1189 1940 sinus
1208 1881 1286 1941 Ara-

229 1977 330 2052 ¹bici,
357 1976 538 2060 Procopius
553 1977 592 2038 de
609 1979 645 2040 B.
662 1979 788 2040 Persico
808 2001 837 2050 1,
860 1998 912 2058 19.
937 1981 976 2040 ab
992 1977 1107 2041 lndico
1123 1977 1208 2040 mari
1229 2001 1287 2042 ex·

244 2079 351 2146 tendit
370 2079 410 2140 ad
429 2075 557 2140 Arabici
573 2081 656 2140 finus
671 2077 806 2141 intimos
824 2079 970 2142 recessus.
998 2078 1141 2142 Subiicit
1157 2097 1283 2152 tamen,

244 2181 317 2245 aliis
338 2181 476 2240 rubrum
492 2201 582 2242 arante
598 2176 679 2256 dici,
706 2180 795 2264 quod
811 2195 900 2242 extra
917 2183 1018 2241 smum
1033 2179 1213 2244 Arabicum
1230 2179 1284 2242 in·

243 2281 343 2367 cipiet
367 2283 407 2343 ab
429 2278 645 2364 Aethiopibus
667 2278 861 2344 Auxomitis.
914 2279 1039 2342 Latiori
1064 2281 1156 2342 sensu
1174 2280 1285 2343 Ania-

243 2405 305 2447 nus
328 2381 363 2444 in
386 2379 513 2464 periplo
530 2403 621 2444 marc
644 2384 781 2444 rubrum
802 2379 959 2466 intellig-it
975 2397 1008 2444 et
1028 2378 1189 2444 describit.
1228 2384 1285 2443 ln·

243 2483 325 2568 cipit
341 2481 431 2545 enim
446 2484 485 2544 ab
502 2480 640 2567 Aegypti
661 2500 759 2567 portu
779 2479 873 2557 Μυός
890 2477 999 2572 ὅρμῳ,
1026 2481 1083 2568 qui
1099 2482 1141 2544 est
1157 2481 1194 2543 in
1210 2485 1285 2543 sinu

240 2583 397 2660 Arabico,
435 2599 468 2644 et
492 2583 723 2667 complectitur
743 2582 821 2647 inde
844 2583 971 2670 reliqua
995 2605 1012 2645 a
1038 2581 1121 2645 mari
1147 2581 1280 2647 Indico.

240 2687 333 2750 idem
349 2701 459 2746 tamen
476 2682 510 2745 in
525 2683 649 2748 Indicis
666 2685 834 2770 separatim
850 2684 947 2770 ponit
962 2682 1136 2748 Arabicum
1160 2687 1280 2756 sinum,

241 2809 340 2876 quem
363 2783 488 2848 Oceani
513 2784 591 2850 facit
616 2808 685 2871 cap.
704 2798 763 2868 43.
789 2785 834 2851 in.
872 2789 925 2848 etsi
946 2809 966 2848 a·
987 2789 1054 2847 srnu
1077 2783 1217 2848 Arabico
1238 2785 1280 2846 in

238 2909 330 2952 mare
343 2889 480 2950 rubrum
497 2885 663 2972 perveniri
683 2889 787 2971 postea
807 2883 928 2952 scribit.
968 2889 1015 2950 Ad
1030 2907 1121 2950 mare
1135 2887 1278 2952 rubrum

238 2989 335 3076 ponit
351 2989 477 3052 Perfida
490 3011 569 3074 ¹cap.
586 3002 645 3068 40.
673 2991 776 3051 smum
792 2989 955 3051 Perficum
979 2987 1048 3071 post
1064 2985 1280 3054 carmaniam

238 3101 318 3176 cap.
333 3108 390 3164 27.
441 3091 488 3151 Ab
503 3089 555 3152 his
572 3088 726 3152 omnibus
744 3091 866 3173 separat
885 3111 974 3150 nrare
991 3086 1143 3152 Indicum
1167 3109 1194 3152 c.
1215 3107 1274 3152 oo.

235 3195 328 3255 Mare
347 3189 448 3275 igitur
463 3194 681 3270 Erythraeum
697 3189 743 3252 ibi
762 3189 831 3273 post
848 3193 950 3252 linum
968 3190 1010 3251 est
1024 3191 1186 3252 Persicum
1202 3209 1276 3250 ver·

236 3296 286 3356 sus
309 3291 449 3356 Indiam.
499 3293 563 3354 Sed
591 3313 627 3352 ea
653 3291 722 3353 sere
745 3309 784 3352 ex
806 3289 947 3354 Nearchi
972 3288 1128 3352 sententia
1157 3289 1274 3363 refert,

236 3413 299 3480 qua
315 3392 414 3456 etiam
431 3393 565 3473 Organa
585 3391 704 3463 insula,
727 3389 842 3479 in‘qua
860 3395 1015 3471 Erythras
1031 3388 1201 3474 regnavit,
1229 3393 1273 3452 ad

236 3493 444 3560 Carmaniam
479 3489 633 3576 ponitur,
671 3508 704 3554 et
730 3513 823 3554 maro
853 3490 1002 3554 vicinum
1037 3491 1116 3554 inde
1149 3489 1278 3580 iposprr*

233 3587 388 3664 dileco«
422 3593 607 3657 incolarum
641 3591 826 3656 testimonio
861 3591 988 3655 dictum
1020 3609 1120 3655 erat·
1158 3595 1207 3654 lta
1239 3609 1272 3654 et

235 3697 370 3763 Curtius
394 3707 428 3772 8,
452 3715 486 3777 9,
514 3705 569 3774 alp.
596 3695 712 3757 versus
730 3693 859 3756 indiam
885 3691 1113 3756 illud-reiicit.
1158 3692 1210 3757 Cf.
1236 3709 1268 3770 5,

237 3817 269 3872 o,
290 3818 322 3878 9.
350 3795 409 3860 ubi
426 3795 635 3869 Bactrianos,
666 3793 848 3879 Sogdianos
871 3810 903 3856 et
926 3797 1025 3856 Indos
1046 3793 1116 3858 eiua
1139 3797 1270 3856 accolas

233 3897 330 3974 sacit,
358 3914 391 3960 et
412 3921 466 3968 ro.
489 3921 518 3972 1,
540 3913 593 3975 13.
645 3899 693 3958 lta
716 3893 816 3958 etiam
835 3893 952 3958 diserte
973 3893 1089 3957 Livius
1104 3905 1165 3974 45,
1182 3912 1217 3974 9,
1235 3895 1268 3957 6.

232 3997 292 4061 ubi
313 4003 406 4081 plura
429 3996 628 4062 indicabunt
644 3995 708 4059 viri
729 3994 830 4060 docti.
881 3995 1013 4076 Dionys.
1034 4017 1065 4058 v.
1087 4005 1142 4075 38.
1162 4013 1270 4077 prope
1318 3981 1324 3998 ’

232 4097 387 4165 Indicum
404 4100 447 4162 acl
467 4101 609 4164 ausirnm
623 4095 720 4184 ponit
737 4099 957 4178 Erythraeum
973 4113 1006 4162 et
1021 4092 1267 4182 Aethiopicum.
