2746 4894
194 421 247 479 ru
275 421 411 480 roua.
440 423 548 480 unt.
589 423 700 479 nur.
743 423 777 484 c.
799 425 852 482 ur.
893 425 970 496 tc.
1041 443 1105 510 ω,

42 615 150 660 more
175 592 205 657 le
226 595 404 658 exhilarant
425 609 458 657 et
482 593 561 658 ferat
581 597 733 660 armentia
756 595 880 662 inlellat
902 613 1018 664 arcent.
1056 603 1104 666 lta

43 717 140 762 vero
157 712 281 761 reterre
296 719 335 760 ex
351 694 479 760 insolito
497 693 575 760 luno
590 699 733 762 numinis
748 699 953 782 praesentiam
970 703 1003 764 in
1024 703 1104 768 lucit

44 800 314 885 augurabantur,
340 815 379 860 ut
400 802 435 860 in
456 812 546 860 antro
564 797 796 865 Orchomenia.
849 801 901 866 cf.
922 803 1104 870 Arillotelee

44 902 93 964 tle
119 902 260 965 mirabil.
283 897 398 964 tuscul.
424 921 490 984 cap.
512 913 591 980 103.
618 899 696 965 106.
730 905 763 963 in
786 903 926 984 Corycio
948 905 1051 967 noller
1073 929 1103 980 t,

49 1017 117 1083 15,
140 1019 174 1084 5.
213 1005 301 1064 Tum
325 1003 392 1066 loca
416 1002 563 1064 inaccella
587 1003 731 1064 Deorum
755 1003 816 1066 elle
836 1003 1044 1088 putabantur.
1071 1022 1105 1072 et

42 1106 215 1190 religione
232 1109 339 1174 etiam.
364 1104 420 1167 etfi
435 1105 509 1166 aliae
525 1105 623 1173 invia,
646 1101 731 1186 septa
747 1119 846 1170 eraut.
886 1104 937 1170 Ci.
955 1107 1103 1176 Gronov.

42 1207 83 1268 in
106 1207 202 1269 diatr.
219 1207 253 1268 in
269 1209 349 1270 Stat.
363 1226 429 1289 cap.
446 1217 505 1290 54.
521 1226 594 1292 pag.
610 1216 695 1286 349.
735 1207 888 1272 Ceterum
905 1209 945 1272 de
961 1207 1104 1278 Pa'nihut

44 1305 154 1373 chad
174 1328 205 1380 ι,
224 1320 258 1387 3.
273 1321 352 1372 extr.

131 1451 313 1552 causae)
361 1459 424 1522 Pro
446 1460 505 1532 rei,
539 1473 576 1520 ut
598 1457 686 1542 saepe
709 1459 851 1545 politum
871 1463 949 1524 dicit
965 1459 1102 1530 Voffiut.

46 1561 181 1624 Vellem
197 1562 352 1646 exemplis
368 1563 494 1624 idoneie
511 1561 676 1634 decurtet,
697 1563 754 1624 uhi
770 1564 952 1648 [impliciter
967 1585 1026 1628 nec
1041 1567 1101 1629 alia

46 1665 192 1728 notione
214 1665 379 1732 adiuncta.
406 1682 500 1746 quam
524 1661 621 1725 infert
637 1665 686 1726 ric
709 1665 799 1727 verbi
821 1669 963 1749 proptia,
989 1685 1047 1749 pro
1070 1689 1103 1729 re

49 1767 189 1828 valeret.
243 1766 276 1828 Si
294 1757 408 1856 currsae
426 1779 511 1826 recte
533 1765 629 1827 habet
644 1780 676 1828 et
691 1767 859 1846 probatur,
883 1769 924 1829 ita
945 1769 1103 1850 explican-

48 1867 136 1928 dum
155 1868 300 1928 ridetur:
336 1867 445 1947 opinio
465 1865 504 1926 de
524 1858 639 1957 causa,
672 1887 728 1929 cur
748 1865 893 1931 Panibus
915 1869 1102 1954 Satyrisque

48 1969 167 2050 campi
190 1969 239 2030 itti
257 1965 500 2038 adtribuantur.
534 1967 607 2028 r'ude
620 1982 719 2030 nacta
740 1967 785 2062 est
797 1967 917 2064 fidem,
943 1972 1031 2054 quod
1048 2005 1101 2020 -·-

46 2068 186 2152 Nempe
203 2090 278 2131 curn
296 2069 378 2154 signa
394 2071 539 2130 Deorum
561 2084 765 2132 cernerentur
779 2085 813 2133 et
827 2073 1024 2143 audirentur,
1048 2075 1101 2136 uti

47 2173 124 2255 poll
147 2173 266 2233 indicat
283 2170 413 2242 Noller,
444 2173 519 2252 quia
538 2171 639 2234 Paner
655 2185 686 2233 et
705 2172 808 2252 Satyri
824 2195 862 2236 err
880 2175 1025 2236 Deorum
1042 2175 1102 2236 mi·

49 2293 176 2336 norum
199 2291 335 2334 numero
361 2273 536 2354 inrumpit
568 2271 679 2333 versari
702 2288 824 2346 amant,
859 2276 909 2338 hie
932 2275 965 2336 in
988 2277 1101 2360 primia

50 2375 168 2436 clatum
191 2375 244 2439 est.
297 2374 449 2437 Ceterum
466 2375 506 2437 de
529 2373 567 2436 iie
588 2374 671 2434 nihil
688 2375 803 2438 Hanno
828 2375 1020 2448 hodiernue,
1045 2379 1102 2459 qui

50 2489 202 2538 tantum:
236 2463 328 2540 οὐδὲν
346 2472 561 2564 α’φεωρῶμεν.
583 2467 633 2539 ὅτι
649 2469 695 2566 pt,
713 2467 806 2562 ὕλην,
828 2471 945 2552 νυκτὸς
962 2474 995 2542 tl
1012 2471 1101 2570 πυρά

50 2573 227 2644 retrahite?
248 2573 404 2666 καιόμενα
428 2567 481 2638 καὶ
501 2571 612 2663 φωνὴν
631 2573 743 2641 αὐλῶν
765 2569 945 2668 ἢκούομεν,
972 2577 1102 2671 trophei·

50 2675 122 2744 λων
139 2701 177 2743 τε
194 2670 250 2741 uui
267 2673 447 2768 τυμπάνων
464 2673 618 2762 πάταγον
635 2669 689 2742 aa>
709 2677 852 2767 upnupip)
866 2677 996 2772 μυρίαν.
1023 2683 1101 2770 Quo

49 2801 136 2844 vero
161 2782 261 2844 territi
281 2778 415 2844 insulam
437 2781 643 2862 reliquerunt.
694 2781 787 2842 Subit
804 2783 856 2844 hic
870 2785 1010 2848 narratio
1031 2785 1103 2847 vul·

51 2885 138 2970 geria
156 2883 196 2945 de
216 2899 328 2945 moute
347 2881 510 2944 Bructero.
563 2881 644 2942 lnde
661 2901 738 2943 rero
754 2883 882 2964 adparet
898 2887 1025 2958 iterum,
1045 2887 1100 2951 rel

49 2987 205 3048 vitiatum
240 2997 485 3064 truncatamque
511 2981 571 3044 elle
597 2981 695 3044 hodie
729 2983 900 3048 Hannonie
923 2987 1099 3072 Periplunn

47 3089 106 3152 vel
128 3087 207 3150 alioe
223 3083 343 3150 Melam
357 3083 498 3147 secutum
514 3081 585 3148 elle.
629 3073 634 3080 ⁴

132 3237 275 3320 ignes)
312 3231 438 3300 Voffiur
454 3237 588 3320 explicat
600 3235 650 3308 tic,
675 3249 713 3296 ut
728 3235 781 3300 vel
795 3232 927 3309 facibur.
947 3239 1098 3316 clamore,

51 3342 218 3424 tympani·
235 3359 272 3402 ac
285 3339 418 3402 lucentia
440 3340 526 3422 pyrie
542 3337 661 3401 bellnae
675 3351 774 3401 noctu
795 3337 930 3425 abegisse
945 3342 1098 3409 collectot

50 3444 101 3507 ihi
116 3443 291 3522 Aethiope·
307 3443 406 3512 dicat,
437 3441 490 3502 vul
505 3437 609 3503 latuoe
629 3441 720 3525 ignee
739 3437 846 3511 tuille,
873 3443 962 3522 quod
979 3463 1096 3508 verum

52 3542 172 3610 ueniet.
222 3543 307 3606 Mihi
323 3543 410 3628 print
428 3543 529 3626 magia
549 3541 717 3626 probatur,
743 3543 898 3624 quianon
920 3545 1012 3629 ignea
1029 3559 1097 3610 tan·

52 3667 127 3711 rum
138 3644 206 3717 vili,
229 3644 281 3708 lerl
297 3659 330 3706 et
344 3645 497 3707 clamoren
510 3644 611 3706 auditi
625 3640 707 3716 lunt,
731 3658 764 3706 et
782 3643 896 3706 limilea
912 3642 1039 3710 fabulae
1054 3665 1096 3712 er

51 3750 168 3814 earlern
192 3745 281 3810 caula
305 3758 391 3809 ortae
407 3743 479 3806 lunt
502 3759 537 3807 et
554 3745 712 3831 vulgatae.
764 3743 895 3808 Accedit
913 3746 966 3810 hic
985 3747 1096 3814 callro-

51 3869 127 3914 rnna
144 3849 281 3924 mentio.
314 3847 395 3910 Vide
410 3845 515 3930 paullo
534 3861 619 3910 ante.
656 3847 706 3908 Er
724 3846 895 3912 Hannonie
913 3849 1037 3932 periplo
1052 3852 1095 3916 tle

51 3951 185 4040 ignibus
212 3951 324 4014 eadem
350 3949 466 4031 repetit
489 3947 672 4010 Ariilotelee
698 3947 738 4010 de
763 3949 900 4012 mirabli.
927 3949 1093 4018 auscultat.

53 4075 123 4139 cap.
143 4055 202 4134 36.
241 4051 381 4138 Quidam
401 4049 496 4112 etiam
515 4049 605 4130 ignes
622 4051 662 4112 de
679 4049 875 4136 graminihue
890 4052 1023 4116 accenlit
1042 4074 1096 4126 em

50 4159 183 4243 plicant,
209 4157 267 4241 qni
289 4173 361 4220 mna
381 4149 521 4216 servatur
538 4155 573 4216 in
591 4150 706 4228 atriu,
731 4166 768 4217 ut
793 4165 920 4218 narrant
940 4155 1066 4232 itinera.
