2696 4896
82 393 105 410 ”
138 435 473 497 turoneum.
512 435 624 496 um
667 435 771 504 cvr.
813 439 890 516 Μ
972 455 1030 521 ιρι

19 611 83 694 ‚tiae
95 623 122 676 tr
135 607 254 694 legitur.
292 608 348 675 Sic
363 611 532 676 Brittania
545 609 582 675 in
599 609 702 677 Godii
718 609 830 677 inlcrr.
846 627 912 676 ant.
927 635 960 698 p.
972 631 1033 696 99.

36 739 58 779 r.
70 731 95 792 3.
116 719 145 798 'p.
166 731 239 776 roo.
255 733 288 775 n.
307 731 339 779 a.
363 715 527 793 expeditio
540 717 729 778 Brittam'ca
746 713 824 800 (sub
840 713 1035 802 Hadriano)

19 887 21 914 Ι
36 839 56 902 p.
68 835 93 896 9.
106 836 134 876 n.
154 835 204 876 rr.
225 829 257 876 et
271 810 323 877 bis
340 835 372 899 p.
395 827 474 895 175.
490 837 523 878 n.
544 839 572 883 r.
597 831 631 879 et
649 813 787 900 saepius.
841 819 880 877 ln
897 815 1033 881 Graecia

19 925 20 936 ¹
37 911 246 1004 tltllprrrarr'a,
266 915 352 1003 (Dio
363 931 422 997 39,
437 931 495 996 5⁰·
512 932 545 980 et
560 915 639 1001 alii)
662 911 874 1006 Bparearrniy,
891 917 1032 1004 (Strabo

36 1029 94 1102 tp.
111 1017 218 1094 137.l.
238 1035 319 1098 199.
335 1015 403 1101 -)
429 1033 463 1080 et
478 1021 519 1082 src
539 1039 598 1102 per
615 1019 738 1103 duplex
758 1041 802 1082 rr
823 1015 859 1080 in
876 1017 1034 1084 derivatis

36 1116 159 1203 plerique.
209 1116 263 1182 Sic
282 1113 462 1208 Βρεττανοὶ
483 1121 594 1187 schol.
619 1119 807 1206 Mocquenl.
833 1119 875 1218 ad
896 1119 1032 1202 Dionys.

27 1241 56 1312 γ.
71 1229 139 1298 284.
162 1216 204 1283 ed
227 1216 451 1310 ἐντελέστερον
477 1235 626 1306 putatet
651 1219 747 1284 metri
772 1221 865 1284 causa
898 1219 945 1284 ibi
972 1243 1034 1306 per
1061 1239 1067 1247 ·

36 1321 133 1404 lrnplex
149 1323 335 1404 apolicam.
374 1323 468 1385 Idem
490 1319 677 1385 Eustachius
698 1337 821 1385 monet.
860 1320 1052 1386 tnvenitur'

35 1419 221 1486 curretiam
237 1425 424 1507 [implexa.
451 1419 873 1503 utiinDionyllov.566.
896 1439 1034 1489 notante
1149 1501 1151 1506 ,
1250 1479 1262 1492 ,

35 1524 98 1585 lunc
115 1525 219 1616 lomim
239 1521 340 1586 etiam
368 1525 551 1608 Stephano..
596 1523 689 1589 Idem
715 1523 816 1588 etiarn
842 1523 940 1588 habc't
964 1527 1034 1588 fim-

35 1625 86 1708 pler
105 1647 133 1696 ν,
160 1623 208 1688 uti
233 1623 423 1690 Marcianus
444 1647 518 1711 pag.
536 1639 597 1704 57.
618 1627 761 1705 (Huds.)
786 1627 925 1690 Ptolem.
945 1646 978 1704 a,
998 1641 1032 1706 3.

34 1725 172 1809 Tfimplex
194 1725 296 1790 etiam
316 1725 411 1790 numi
434 1724 532 1790 multi
553 1725 679 1791 Graeci.
719 1724 792 1790 Vid.
807 1728 932 1792 Ralche
953 1730 1032 1791 Lex.

34 1843 98 1888 rum.
112 1827 147 1888 Τ.
168 1850 194 1891 ι.
210 1831 247 1892 P.
268 1852 299 1895 1.
318 1851 350 1913 p.
371 1831 459 1893 1601
482 1829 526 1915 lq.
577 1825 711 1894 Claudii
731 1848 812 1890 aevo
830 1844 864 1891 et
887 1829 957 1914 post
974 1829 1033 1891 [ub

33 1925 163 1990 Hadriano
182 1945 213 1992 et
236 1927 407 1993 Antonino
426 1927 488 1992 Pio
508 1950 567 2015 per
591 1945 606 1992 t
625 1932 759 2016 limplex
781 1927 939 2014 scriptum
960 1929 1033 2003 elle,
1060 2005 1064 2014 Ι

35 2041 56 2087 tt
67 2027 111 2089 lab
127 2030 241 2094 Severo
259 2053 334 2094 eam
356 2029 486 2096 literam
508 2029 709 2116 geminatam
727 2051 766 2092 ex
783 2028 895 2094 numia
917 2032 1035 2117 probat

34 2127 127 2191 tethel
139 2128 173 2192 in
189 2131 341 2197 doctrina
359 2153 450 2196 num.
464 2134 501 2196 P.
521 2152 553 2200 a.
571 2135 641 2202 Vol.
660 2136 693 2198 6.
715 2152 788 2218 pag.
813 2143 894 2211 erpo.
946 2131 1036 2198 Hinc

36 2225 157 2294 existimat
181 2231 389 2296 Eustachium
418 2233 460 2296 ad
481 2231 616 2314 Dionys.
639 2257 671 2297 v.
699 2243 779 2314 284
801 2254 871 2296 non
893 2231 953 2296 nin
973 2253 1035 2318 pro

36 2327 84 2392 lure
110 2331 216 2397 aetatis
241 2332 408 2399 scribendi
440 2338 512 2420 lege
544 2332 656 2399 dicere
691 2333 844 2426 ita'eum
876 2334 1033 2420 potuille3

35 2430 102 2494 uetri
115 2435 203 2498 caula
224 2439 367 2499 alterum
389 2451 404 2498 t
423 2435 576 2501 eiectum.
627 2437 690 2499 Per
712 2459 738 2500 rr
755 2435 854 2498 etiam
878 2434 1036 2520 [criptum

34 2525 144 2596 anniti
158 2539 426 2602 notantEullath.
443 2538 484 2601 ad
500 2535 674 2617 Dionylv.
685 2539 770 2615 568.
791 2555 824 2600 et
836 2539 1033 2622 Stephanus,

36 2631 117 2717 quieo
131 2635 264 2702 nomine
282 2641 412 2724 adlegat
425 2637 633 2703 Marcianum
649 2655 682 2701 et
696 2639 933 2702 Ptolemaeum.
976 2639 1036 2702 Ille

37 2736 156 2800 lchtbet
168 2761 242 2824 pag.
258 2753 318 2820 57.
336 2741 470 2827 (Hudl.)
491 2737 526 2802 in
542 2741 607 2803 hoc
622 2743 733 2802 ulrtata
750 2741 782 2802 h.
800 2737 906 2802 forma
923 2735 1032 2811 exstat,

36 2855 106 2918 quam
118 2839 250 2905 omnino
266 2841 328 2903 elle
346 2840 382 2904 in
399 2839 596 2926 scripturali
613 2856 646 2903 et
661 2839 787 2924 duplici
803 2865 819 2906 ν
840 2855 955 2902 monet
969 2842 1036 2903 Eu·

36 2935 98 3002 leth.
112 2941 149 3002 ad
167 2941 303 3022 Dionys.
324 2965 357 3010 v.
376 2953 457 3022 ⁹84·
492 2943 526 3006 Π
541 2958 650 3005 tamen
669 2941 811 3026 praefert
830 2939 930 3005 etiam
949 2941 1032 3008 Cod.

35 3036 146 3105 llolcor.
160 3041 195 3106 in
204 3045 377 3112 Strabone.
413 3043 463 3108 Cf.
479 3045 520 3106 de
533 3041 711 3127 scripturae
721 3039 903 3106 diverlltate
914 3043 1033 3106 Cellar.

34 3133 169 3226 inGeogr.
187 3161 254 3209 ant.
273 3161 309 3218 a,
327 3155 364 3226 4,
391 3163 422 3208 o.
458 3145 589 3208 lncolae
610 3135 802 3232 Βρεττανοὶ,
825 3145 1034 3229 (Stephanae

35 3255 206 3310 eructaret
230 3245 291 3331 ipfi
314 3249 445 3331 plures)
477 3261 510 3308 et
531 3243 611 3308 hinc
641 3241 858 3334 Βρεττανικός
883 3245 975 3328 saepe
1002 3258 1035 3305 et

33 3339 206 3428 Βρεττανίὁες
232 3351 333 3434 νῆσοι.
391 3349 522 3410 Incolae
549 3343 629 3408 dicti
657 3344 756 3408 etiam
784 3345 856 3408 lunt
885 3347 1035 3407 Brr'tonts

34 3438 218 3521 [Brittones.
245 3469 330 3535 quae
353 3445 489 3510 nomina
510 3445 696 3532 promiscue
713 3441 1034 3525 arlhibetduloniua

35 3540 108 3628 *pige
125 3566 201 3626 107.
250 3545 414 3614 Posterior
436 3565 523 3611 aetas
547 3545 689 3610 maxime
711 3545 950 3633 frequentavit,
979 3547 1033 3606 etll

34 3663 76 3706 rec
95 3643 125 3710 in
148 3649 292 3736 antiquit
314 3651 430 3714 delunt
450 3654 610 3734 exempla,
636 3672 668 3712 v.
689 3670 717 3715 c.
740 3651 853 3711 laven.
876 3661 930 3726 15,
952 3657 1032 3726 124.

36 3741 83 3808 llia
103 3750 188 3815 dabit
214 3749 376 3817 Cellariua
398 3771 426 3815 c.
447 3754 468 3814 l.
519 3747 692 3814 lnrenitur
717 3749 818 3812 etiam
851 3745 887 3811 in
912 3743 1033 3833 plurali

34 3843 205 3926 Britanniae,
232 3855 273 3916 de
287 3851 382 3916 cuiue
397 3849 526 3916 ratione
545 3871 622 3914 vera
639 3849 751 3936 quaeri
771 3851 882 3934 potest.
916 3850 1033 3934 Neque

36 3944 100 4010 uim
121 3951 219 4016 [olum
239 3955 279 4017 ad
302 3952 373 4018 eiua
394 3950 588 4031 divisionem
606 3951 712 4037 postea
728 3950 845 4013 factam
867 3948 1032 4034 pertinere

35 4049 124 4126 potest,
148 4076 221 4118 cunr
239 4055 284 4118 ita
299 4051 415 4118 iamin
432 4040 562 4118 Catullo
580 4071 636 4132 29,
656 4069 712 4113 ar.
736 4063 797 4132 45,
818 4071 873 4115 oo.
895 4055 1030 4136 legatur.
1061 4095 1062 4098 ,

19 4203 20 4232 .
38 4146 110 4230 Quod
123 4155 208 4220 enim
224 4159 267 4226 uc
283 4153 369 4224 dixit
381 4153 569 4226 Antoninus
584 4151 620 4218 in
642 4149 759 4217 itinere
773 4149 1031 4223 Britamriarura,
