2650 4896
156 408 512 471 1ΝΡοΜΡ.ΜΕΣ.
553 409 589 468 Ι..
609 411 661 466 111.
705 410 838 473 cvm.
880 413 958 485 s&
1020 431 1081 496 ner

32 585 146 660 enim,
176 583 254 646 teste
272 580 381 646 Plinio
398 585 433 654 6,
449 598 507 660 51.
523 583 544 644 s.
558 599 621 656 37.
645 585 745 666 longo
767 599 916 670 tempore
933 595 1080 673 praeclu.

33 689 143 752 serant
165 683 313 750 Orcheni
341 700 373 748 et
396 686 545 756 accolae,
576 703 669 768 agros
689 683 850 768 rigantes,
877 705 914 750 ut
933 712 1001 754 non
1021 695 1080 762 nih

30 786 184 873 Pasitigri
206 785 242 848 in
263 807 353 848 mare
376 786 567 848 deterretur.
612 786 664 850 cf.
686 788 817 851 Salmas.
831 789 871 850 ad
889 791 992 860 Solin.
1012 816 1040 858 c.
1057 800 1078 862 l.

33 916 64 978 p.
81 915 129 954 m.
148 901 238 970 495.
281 886 315 950 si
332 885 434 970 igitur
449 885 530 948 olim
546 883 594 948 ibi
612 885 676 951 suit
691 885 761 951 eius
778 887 910 964 ostium,
936 895 1081 980 aTigris

34 991 126 1056 ostiis
160 1003 331 1054 remotum
364 986 570 1073 aliquatenus
604 986 688 1060 suit,
729 1005 762 1050 et
794 993 1003 1058 Ptolemaeus
1038 1001 1081 1062 ad

34 1091 171 1178 Tigrim
195 1088 372 1154 revocavit.
424 1091 524 1175 Quod
543 1087 672 1152 Plinius
686 1093 721 1162 6,
738 1106 795 1167 59.
815 1093 836 1154 s.
855 1105 911 1170 28.
934 1099 1079 1162 Teredo.

33 1217 114 1260 nem
129 1193 218 1256 insra
235 1191 458 1260 confluentem
472 1189 619 1274 Tigridis
636 1203 669 1254 et
681 1191 858 1275 Euphratis
875 1195 981 1278 ponit,
1005 1219 1079 1277 nec,

34 1298 128 1384 quod
153 1292 323 1379 sequentia
346 1289 489 1354 maxime
506 1293 689 1366 declarant,
725 1293 765 1354 all
787 1291 864 1356 ostia
886 1296 999 1379 ponit,
1026 1303 1080 1368 sed

36 1401 77 1462 ad
97 1392 253 1462 medium
268 1391 361 1456 fluvii
380 1385 528 1467 cursum,
554 1391 696 1466 fallitur,
726 1392 775 1456 uti
798 1393 948 1478 pluribus
966 1401 1082 1466 docuit

37 1498 205 1565 Cellarius
228 1494 263 1558 in
286 1499 404 1580 Geogr.
426 1511 490 1559 ant.
510 1511 543 1572 3,
572 1497 625 1566 16.
651 1515 706 1558 ao.
769 1499 855 1560 Inter
878 1499 944 1562 duo
968 1519 1080 1566 autem

36 1601 92 1664 illa
116 1597 199 1662 ol'tia
220 1596 324 1660 insula
348 1613 415 1658 erat
430 1591 573 1688 lllesene,
599 1594 642 1658 ,in
658 1617 722 1680 qua
739 1611 772 1660 et
787 1601 967 1664 Characem
984 1602 1080 1686 ponit

37 1704 230 1786 Stephanus
246 1721 274 1762 c.
289 1701 309 1762 l.
348 1699 399 1761 Cs.
416 1697 516 1760 etiarn
532 1696 597 1760 Dio
613 1701 672 1774 68,
691 1710 747 1774 28.
771 1715 804 1760 et
824 1698 881 1786 qui
904 1701 1082 1786 diligenter

37 1807 79 1868 de
103 1800 195 1867 ostiis
217 1798 329 1884 Tigris
351 1798 499 1883 exposuit
520 1797 754 1882 Philostorgius
772 1799 840 1864 hist
860 1804 974 1870 eccles.
993 1821 1026 1882 3,
1047 1825 1080 1889 7.

37 1904 95 1970 ubi
115 1903 337 1968 consulendus
360 1901 593 1964 Gothosredus.
643 1903 694 1964 De
712 1898 803 1962 exitu
817 1923 920 1987 prope
936 1907 1081 1971 Teredo.

37 2029 119 2070 nem
135 2005 181 2068 cs.
198 2001 298 2066 etiam
314 2001 551 2065 Tiell'enthaler
565 2000 695 2065 Beschr.
711 2023 742 2064 v.
760 2001 942 2068 Hindostan
959 2009 1028 2070 Vol.
1048 2029 1079 2074 s.

36 2111 72 2172 P.
96 2132 130 2171 r.
144 2130 180 2191 p·
202 2121 282 2184 177.
332 2105 463 2168 Mesene
479 2121 588 2168 tamen
607 2105 688 2168 haec
711 2123 778 2164 non
800 2105 961 2168 confundi
983 2109 1110 2174 debet.

39 2231 118 2276 curn
134 2229 186 2284 ea,
214 2227 297 2290 quae
315 2203 380 2267 suit
399 2203 485 2268 inter
498 2206 700 2288 Euphratem
715 2221 748 2266 et
764 2205 904 2290 Tigrim,
932 2225 965 2271 et
980 2231 997 2271 a
1013 2213 1082 2274 Ste-

40 2314 154 2397 phano
177 2307 235 2370 sub
260 2331 291 2369 v.
314 2302 472 2394 'hardperto
498 2304 705 2370 discernitur.
757 2304 827 2369 Vid.
847 2309 1017 2372 Salmasius
1040 2314 1083 2374 ad

40 2411 147 2478 Solin.
174 2431 245 2494 cap.
263 2423 322 2487 57.
346 2407 368 2472 s.
383 2419 443 2488 4⁰·
464 2431 496 2491 p.
514 2429 558 2470 ru.
574 2419 659 2494 492.
687 2429 764 2471 cum
787 2429 852 2493 quo
876 2409 916 2472 cs.
938 2413 1082 2478 Holsten.

40 2516 82 2576 ad
102 2511 263 2596 Steplran.
281 2529 353 2594 pag.
372 2511 454 2572 206.
508 2507 596 2572 Hinc
613 2509 696 2572 sorte
712 2506 838 2572 Plinius
859 2513 893 2582 6,
912 2527 969 2589 5ι.
986 2512 1007 2576 s.
1026 2525 1083 2590 28.

43 2617 83 2678 ad
99 2619 283 2698 Apameam
299 2607 568 2693 restagnationem
581 2607 758 2694 Euphratis
775 2631 850 2674 curn
867 2611 974 2696 Tigri,
1000 2635 1085 2700 quae

44 2714 122 2780 ostia
151 2710 312 2797 respicere
340 2708 487 2781 videtur,
523 2711 689 2774 confluere
719 2708 818 2782 dicit,
850 2711 974 2798 quippe
1000 2737 1085 2800 quae

44 2813 181 2902 Apamia
206 2814 355 2876 Mesenes
386 2811 521 2898 quidem
547 2816 602 2894 (6,
625 2829 682 2890 5ι.
705 2813 726 2874 s.
752 2817 828 2891 27.)
852 2811 933 2886 fuit,
967 2815 1022 2877 sed
1047 2815 1085 2878 in

44 2922 145 2982 altera
172 2915 304 2978 Mesene
329 2917 393 2978 lita.
444 2913 551 2976 Potest
577 2930 685 2976 tamen
716 2911 906 2995 restagnatio
933 2917 974 2976 ad
998 2914 1084 3000 ipsos

45 3017 168 3082 fluvios
186 3013 320 3088 reserri,
346 3012 395 3078 uti
418 3023 549 3093 18,47.
574 3014 595 3076 s.
617 3025 670 3091 ¹8·
692 3010 894 3092 Babyloniae
916 3015 1086 3078 Seleuciae

44 3122 252 3205 Euphratem
267 3137 305 3180 ac
318 3113 449 3200 Tigrim
467 3115 648 3199 restagnare
665 3110 758 3190 dicit,
786 3115 875 3198 quod
892 3112 940 3176 ibi
956 3113 1087 3199 rigandi

46 3221 168 3286 modus
183 3240 287 3282 manu
303 3232 510 3301 temperatur.
550 3217 682 3279 Praeter
695 3211 814 3277 fluvios
828 3213 926 3288 alios,
949 3237 1031 3301 quos
1050 3216 1088 3280 in

47 3345 129 3388 eum
153 3319 294 3384 influere
313 3319 408 3404 supra
422 3314 551 3388 monui,
575 3313 788 3401 coniungitur
809 3313 909 3379 etiam
926 3338 1003 3380 cum
1023 3322 1088 3382 Eu·

45 3421 174 3512 phratis
206 3442 274 3486 uno
302 3423 395 3482 alveo
426 3437 529 3503 prope
558 3417 761 3490 Seleuciam,
807 3438 885 3482 cum
915 3421 993 3480 alter
1016 3417 1088 3484 eius

49 3529 164 3590 alveus
179 3525 382 3604 Babylonem
405 3535 520 3603 petens
544 3517 622 3582 inde
643 3520 712 3604 poll
728 3516 763 3584 in
784 3521 921 3602 paludes
938 3517 1089 3583 distraba-

36 3645 115 3692 mr.
139 3623 246 3706 (Plin.
264 3637 299 3703 5,
318 3640 374 3685 ur.
393 3622 413 3684 s.
430 3623 510 3700 26.)
546 3622 583 3682 ln
598 3619 716 3700 Assyria
730 3635 907 3704 utrumque
922 3619 1089 3684 confluere

50 3725 168 3792 scribit
189 3721 373 3808 'Procopius
394 3723 435 3784 ‹le
457 3723 494 3784 B.
514 3722 599 3786 Pers.
620 3745 649 3796 r,
671 3737 724 3798 17.
751 3741 870 3803 nempe
893 3719 970 3805 quia
990 3721 1028 3784 stt
1049 3723 1107 3788 ad'

51 3827 126 3894 eiua
142 3827 236 3890 fines.
289 3824 459 3888 Notandus
475 3821 618 3884 maxime
636 3819 759 3886 canalis
779 3819 854 3893 ille,
880 3818 966 3886 inter
981 3825 1092 3887 Seleu·

51 3929 140 3996 ciam
153 3945 186 3991 et
199 3923 427 4008 Babyloniam,
452 3945 551 4009 quem
569 3927 686 4006 regium
701 3937 820 3986 vocant
831 3937 992 3997 auctores,
1015 3922 1091 4010 quia

50 4029 144 4116 regia
160 4050 238 4093 cura
256 4043 325 4090 erat
345 4025 483 4088 ell'olsua.
533 4025 579 4086 lta
599 4021 766 4102 βασίλειος
787 4021 935 4113 ποταμός
953 4025 1092 4094 Ptolem.

53 4147 89 4216 5,
112 4142 168 4210 ιθ.
186 4147 220 4194 et
236 4148 294 4195 ao.
326 4121 487 4213 βασιλικὴ
509 4115 628 4216 διῶρυξ
651 4127 763 4206 Polyb.
782 4137 816 4204 5,
834 4138 894 4203 51,
912 4127 945 4191 6.
969 4121 1094 4217 fluum

102 4249 203 4328 Pomp.
220 4245 313 4302 sisela·
334 4247 450 4319 irroget.
464 4243 503 4300 L·
515 4243 568 4300 111.
810 4227 839 4288 Χ
