2650 4896
174 387 525 448 retroneum.
565 387 603 444 1.
623 387 678 446 m.
718 387 753 447 o
773 389 825 452 vr.
866 387 944 468 ις.
1014 405 1075 470 227

19 585 62 628 ex
88 577 254 625 veterum
280 556 403 623 notatis
429 555 652 622 recentiorum
685 556 854 630 dissensus.
898 561 962 628 Alii
982 567 1073 636 enirn

18 679 153 751 putant
173 664 211 725 h.
236 661 296 724 elle
317 661 569 734 Sclretlarrdr'om,
596 657 719 747 quippe
734 681 819 748 quae
840 665 949 730 nautio
970 668 1071 736 etiam

22 756 204 857 llrr'serrsesl
225 778 379 835 vocetur,
405 759 454 824 uti
475 758 512 824 in
532 758 648 846 primia
661 762 872 828 cambdenus
891 764 927 830 in
942 768 1070 835 Britan·

19 864 75 930 oia
92 888 130 950 p.
152 875 243 946 85⁰·
272 862 345 948 (ed.
362 864 466 926 Lond.
487 865 590 940 1607.
608 861 651 948 s.)
675 861 730 926 oui
751 863 976 933 adsentiuntur
997 874 1071 938 Cel.

18 965 144 1039 larius,
182 963 246 1051 qui
270 980 303 1027 ct
321 966 400 1026 Fero
421 961 562 1048 intelligi
586 965 673 1049 polle
695 963 788 1027 addit
807 963 843 1028 in
866 969 982 1054 Geogr.
1002 992 1069 1040 ant.

22 1087 53 1140 a,
75 1079 117 1148 4,
139 1078 208 1144 87.
236 1066 391 1130 Buchner
404 1066 445 1126 ad
461 1063 569 1128 Taciti
586 1063 770 1150 Agricolam
786 1088 814 1134 c.
837 1091 890 1134 ro.
912 1073 1069 1138 Biischin-

18 1167 116 1254 giua,
152 1183 192 1230 et
218 1165 260 1230 src
278 1163 458 1229 Ptolemaei
483 1167 616 1230 Thulen
631 1163 790 1250 intelligit
802 1170 985 1236 Bochartua
1000 1199 1028 1240 c.
1046 1180 1068 1244 l.

18 1273 59 1338 At
82 1271 146 1331 etsi
171 1265 329 1330 dissentia
349 1289 368 1329 a
388 1265 576 1342 Britannia,
610 1289 710 1354 quam
732 1266 829 1351 ponit
849 1272 1069 1353 Ptolemaeur‚

20 1388 52 1433 et
67 1365 132 1432 alii
151 1366 322 1443 indicant,
347 1387 416 1430 non
433 1384 602 1452 repugnat,
629 1369 815 1432 adversatur
833 1387 953 1448 tamen,
979 1381 1070 1462 quod

21 1474 60 1536 de
77 1468 314 1534 diuturnitate
336 1467 420 1532 lucio
441 1467 578 1532 diurnae
594 1467 743 1541 additur,
770 1470 829 1532 nisa
847 1471 897 1536 via
913 1477 1071 1542 narratio·

17 1595 77 1638 nes
106 1569 300 1643 miscuisse,
331 1570 421 1656 quod
447 1567 544 1632 sacile
570 1569 792 1656 credipotest.
851 1575 943 1638 Idem
966 1579 1071 1664 magia

22 1675 125 1740 etiam
153 1676 253 1736 valet
279 1673 319 1734 de
347 1667 475 1735 Scotiac
506 1687 598 1757 parto
629 1669 773 1742 boreali,
811 1673 869 1736 ubi
900 1679 1073 1746 contendit

21 1775 263 1862 quaerendam
285 1775 345 1836 elle
365 1770 401 1834 in
422 1770 549 1856 prolixa
566 1769 683 1836 dissert.
701 1775 742 1836 de
758 1773 867 1836 Thule
883 1775 1018 1842 Sibbald
1033 1781 1071 1846 in

21 1873 224 1942 cambdeni
255 1875 306 1937 ed.
329 1871 464 1958 Anglioa
492 1889 627 1937 curante
647 1871 805 1938 Gibsonio
828 1879 959 1960 vulgata
985 1884 1071 1945 Lon·

22 1979 89 2040 don
110 1979 231 2058 1695.
249 1975 305 2042 sol.
328 1995 401 2059 pag.
426 1975 602 2060 1089tqq.
643 1977 824 2040 Irlandiom
847 1997 1007 2044 memorat
1028 1985 1070 2048 de

20 2081 225 2163 Kerguelen
242 2079 420 2140 Trcmarec
437 2073 530 2138 Reise
545 2098 577 2160 p.
590 2089 648 2155 53.
664 2077 718 2162 (ex
732 2077 811 2140 vers.
824 2078 933 2146 Germ.
949 2083 1071 2172 1772.)

21 2181 163 2242 Ebudes
182 2175 307 2240 insulas
321 2181 374 2239 vel
387 2178 530 2242 Orcarleo
546 2177 645 2240 refert
662 2179 793 2242 Vossruo.
827 2175 897 2242 vid.
914 2178 984 2246 eiua
1000 2183 1068 2250 diff.

22 2284 62 2345 de
91 2283 220 2344 Thule
254 2277 289 2341 in
310 2280 457 2342 Bredow
484 2275 778 2362 Untersuchungen
806 2280 890 2343 iiber
919 2281 1070 2350 einzelne

22 2380 263 2466 Gegensttinde
278 2381 334 2441 der
350 2383 435 2442 alten
451 2375 645 2442 Gelchichte
660 2401 690 2464 p.
707 2397 773 2444 aaa
790 2379 855 2466 sqq.
891 2383 1070 2460 Boltlriam.

22 2505 108 2571 quae
124 2499 163 2545 et
183 2478 367 2565 antiquitus
383 2477 471 2543 dicta
487 2479 529 2542 est
541 2478 676 2572 Bafilia.
699 2485 785 2566 quast
800 2479 891 2564 regio
907 2482 1071 2560 βασιλέων

22 2577 98 2650 ie.
130 2584 331 2666 regulorum
366 2581 388 2644 l.
420 2583 615 2659 Erulorum,
654 2602 736 2666 quoe
764 2604 804 2646 ex
828 2581 934 2646 Dania
960 2585 1072 2652 adiiffe

21 2701 144 2750 narrat
159 2685 303 2766 Procop.
320 2703 347 2746 c.
366 2685 388 2746 l.
410 2678 566 2766 intelligit
581 2679 768 2746 Praetorius
782 2680 817 2744 in
836 2686 914 2746 orbe
926 2686 1070 2772 Gothico

22 2786 82 2851 lib.
101 2801 142 2864 3.
171 2805 245 2868 cap.
261 2793 296 2863 4.
314 2804 386 2868 pag.
404 2791 461 2862 37.
515 2785 604 2852 Tum
628 2783 671 2844 esl
694 2804 733 2846 ex
756 2781 827 2846 eiua
852 2783 1070 2869 explicatione

24 2904 158 2952 tractus
185 2901 306 2956 terrae,
342 2881 397 2970 qui
427 2883 657 2968 complectitur
682 2885 975 2969 Mellerrburgum,
1004 2893 1071 2954 Ru·

25 2989 143 3078 girum
170 2983 421 3056 Pomeraniarn‚
447 2981 648 3056 Callubiam,
675 2988 805 3048 etultra
821 2987 987 3062 tourtam,
1014 2993 1070 3054 Sa·

24 3085 239 3174 mogetiam,
272 3083 452 3150 Coroniam
481 3101 514 3148 et
539 3081 715 3148 Livoniam
741 3108 855 3174 usquc.
910 3089 959 3151 Ad
986 3091 1071 3155 hano

25 3185 284 3256 accommodari
310 3187 395 3271 polle
421 3201 516 3272 putat
546 3183 745 3261 distantiam,
783 3209 884 3273 quarn
909 3208 1071 3256 memorat

25 3294 193 3373 Pytheas.
242 3291 284 3352 At
305 3284 466 3372 premitur
489 3288 571 3349 hoec
597 3285 712 3371 opinio
734 3289 848 3350 eadem
867 3287 1069 3366 difficultate,

27 3415 136 3480 quam
157 3411 204 3452 ne
225 3384 341 3473 adtigit
365 3385 518 3474 quidem,
551 3375 657 3452 multo
677 3387 788 3452 minua
809 3386 967 3462 removit,
993 3413 1070 3456 cum

28 3509 148 3558 umen
168 3489 244 3553 teste
263 3486 372 3552 Plinio
392 3508 424 3561 o,
439 3502 497 3565 77.
517 3487 537 3556 s.
556 3501 613 3568 75.
636 3489 780 3570 Pytheae
801 3488 997 3554 auctoritate
1016 3515 1069 3557 ve-

29 3611 147 3659 terum
170 3589 226 3652 illa
246 3589 390 3654 narratio
411 3587 544 3652 nitetur.
601 3589 780 3654 sueoniam
806 3591 895 3654 suam
916 3612 957 3654 ex
978 3613 1072 3657 more

29 3695 140 3758 iactat
161 3691 376 3755 Rudbeclriuo
403 3688 439 3753 in
462 3684 622 3752 Atlantica
646 3693 767 3776 passnn.
817 3689 1071 3758 scandinaviam

30 3795 93 3860 alii
123 3809 183 3856 aut
203 3790 417 3876 Norwegiam
442 3787 649 3876 intelligunt,
687 3793 777 3878 quod
806 3791 996 3858 etiamnunc
1021 3793 1069 3860 ibi

31 3913 162 3962 tractus
180 3909 284 3956 terrae
305 3894 487 3977 adpelletur
507 3891 609 3954 Tln'ele
623 3893 643 3955 s.
663 3894 867 3964 Τὴίιὶιηιανὲε,
893 3909 924 3955 et
940 3891 1070 3962 incolae

31 3995 136 4084 prisci
158 3995 260 4055 Thilr'r
280 3991 441 4058 nominati
464 3989 597 4056 fuerint.
634 3995 682 4056 lta
698 3991 843 4057 Orteliuo
859 3991 895 4056 in
920 3997 1070 4063 thesauro
1161 4001 1165 4010 '

33 4101 67 4164 lr.
83 4121 119 4162 v.
148 4093 340 4184 Schoening
360 4113 428 4186 pon
444 4089 639 4158 nordlichen
660 4095 811 4158 Landern
824 4092 860 4158 in
876 4097 970 4162 Neue
985 4101 1069 4186 ΔΗΒ,

1 4196 2 4202 ’
664 4195 691 4260 Ρ
722 4214 739 4258 a
