2748 4888
279 441 324 516 aa
552 436 717 497 noran
757 437 1066 497 exaenrrorn

155 659 160 668 .
286 629 356 697 cap.
374 623 408 676 a.
426 607 471 674 in.
489 607 664 699 subiungit.
697 610 750 686 At,
768 624 805 675 nt
819 612 897 677 alioa
911 613 1008 676 etiam
1022 623 1226 696 praeteream,
1243 625 1344 678 recte

287 713 395 777 iiatuit
408 706 542 777 Voffiue.
586 715 681 776 Terra
699 714 788 777 enim
806 715 859 776 bic
881 734 948 777 non
963 713 1008 778 eii
1023 713 1173 798 Hispania
1190 728 1342 789 tantum,

289 813 344 879 sed
373 814 492 898 reliqua
516 833 569 879 ora
590 814 697 880 versut
719 810 884 896 Scythiam
907 830 941 880 et
969 815 1119 897 Scythiae
1140 819 1343 900 promonto-

288 917 394 989 rium,
419 915 507 979 unde
528 918 561 980 in
575 918 682 982 Eoum
702 937 788 980 mare
803 911 910 981 cursor
930 919 1119 990 inflectitur,
1145 930 1182 980 nt
1199 919 1343 1004 adparet

290 1037 332 1082 err
354 1019 413 1080 lib.
432 1031 464 1099 3.
483 1037 551 1103 cap.
568 1033 603 1096 7.
637 1016 689 1082 Cs.
705 1020 802 1082 etiam
821 1019 907 1084 Plin.
922 1023 957 1091 6,
976 1035 1034 1084 ao.
1054 1019 1074 1082 s.
1095 1035 1151 1096 17.
1188 1021 1342 1084 stavero

290 1121 357 1182 iam
382 1118 462 1185 oiim
491 1118 580 1182 bunc
607 1121 713 1182 locunt
745 1120 903 1184 intellexit
929 1122 1100 1184 vadianus.
1150 1120 1214 1184 Sed
1240 1121 1344 1184 simul

165 1241 169 1250 ·
291 1221 386 1294 inde,
412 1219 499 1303 qnod
520 1223 554 1284 in
576 1223 663 1284 notia
678 1221 771 1285 diss.
788 1235 900 1284 monet
916 1225 941 1285 s.
961 1221 1165 1293 Gronovius.
1191 1223 1340 1306 adparet.

292 1341 391 1406 quam
412 1322 495 1384 nibil
510 1325 606 1386 etiam
627 1337 704 1384 tunc
723 1323 863 1386 Romani
885 1323 1033 1388 sciverint
1048 1323 1088 1386 de
1107 1323 1281 1409 Norwegia
1299 1337 1342 1388 et

292 1424 421 1497 Saenia,
452 1424 506 1487 vei
527 1439 610 1490 certe
626 1444 736 1510 parum
753 1444 828 1488 vera
848 1437 881 1490 et
896 1439 980 1490 recta
999 1426 1040 1490 de
1060 1425 1122 1488 iiiia
1142 1427 1341 1512 regionibua

291 1525 477 1590 habuerint.

369 1749 505 1814 parva
529 1728 841 1814 promontoria)
877 1727 986 1794 Veluti
1000 1728 1234 1815 apudPtoiem.
1246 1743 1282 1804 Ω,
1299 1729 1341 1796 6.

295 1831 392 1905 illud,
416 1831 533 1916 inquo
554 1830 684 1896 inerunt
698 1853 767 1896 arae
783 1832 883 1902 Sestii.
908 1833 1063 1914 Lapatia,
1089 1833 1167 1896 Cori
1182 1821 1341 1916 promon-

295 1935 434 2006 torium.
461 1917 548 2017 qtsod
573 1946 607 1997 et
629 1934 800 1995 Trileucunr
817 1934 939 1996 dictum
956 1935 1015 2004 esi,
1043 1925 1157 2026 Onaso.
1183 1933 1344 2017 Pyrenaei

295 2036 572 2119 promontorium,
599 2035 686 2116 quod
709 2034 821 2098 Noster
841 2037 874 2096 in
898 2037 961 2098 fine
976 2036 1085 2118 capitia
1105 2036 1230 2120 adtigit.
1271 2034 1343 2098 La·

221 2215 223 2220 ,
297 2139 423 2218 pariam
447 2155 463 2198 a
490 2135 569 2198 Cori
593 2140 835 2220 promontorio,
869 2138 956 2218 quod
981 2136 1162 2200 Marciana·
1184 2157 1255 2220 pag.
1274 2145 1340 2216 44.

297 2235 403 2300 Huds.
425 2237 554 2300 Corium
568 2250 672 2308 vocat,
694 2235 988 2323 distinguitVosstue
1004 2239 1043 2298 ad
1060 2237 1200 2301 nostrum
1219 2239 1341 2308 locum.

298 2351 333 2401 et
351 2349 523 2420 utrumque
540 2335 709 2414 confusum
724 2359 794 2404 non
809 2341 929 2403 temere
950 2353 1057 2424 putat,
1080 2338 1166 2422 quod
1187 2341 1221 2400 in
1237 2339 1341 2422 priori

297 2441 428 2504 numeri
448 2441 644 2504 excidissent.

378 2639 647 2727 Cantabros)
695 2644 827 2708 Vicinot
848 2643 911 2708 hoc
932 2657 1077 2727 tempore
1097 2641 1282 2706 babuerunt
1302 2640 1342 2705 ab

300 2743 425 2808 oriente
446 2744 655 2831 Autrigones.
689 2745 729 2807 ab
757 2745 865 2810 occasu
893 2744 1046 2819 Paestcaa,
1084 2746 1259 2808 ameridic
1285 2763 1343 2829 po·

300 2845 395 2928 puloa
411 2846 565 2927 qnondam
588 2847 837 2911 Celtiberorum.
881 2845 933 2912 Cf.
954 2865 1033 2929 quae
1057 2846 1099 2909 dc
1132 2845 1189 2906 srtn
1216 2845 1344 2909 disserit

302 2946 496 3010 Oibenartue
517 2949 552 3010 in
574 2951 688 3012 notitia
709 2947 878 3012 Vaseoniae
897 2967 927 3020 ι,
948 2963 981 3010 ιι.
1032 2949 1099 3011 lilia
1120 2947 1254 3027 Pana.
1281 2955 1342 3028 34.

301 3047 325 3112 s.
344 3066 402 3112 oo.
426 3049 540 3111 tribuit
558 3068 580 3130 9
601 3051 744 3113 civitates
768 3065 801 3112 et
821 3065 854 3131 3,
877 3062 911 3132 4.
934 3048 955 3112 s.
979 3063 1012 3128 3.
1042 3046 1162 3132 septem
1191 3048 1346 3131 populor.

302 3150 405 3214 Urbee
424 3171 539 3214 eorum
558 3151 700 3215 recenset
714 3153 917 3219 Ptolemaeua
934 3165 969 3222 a,
987 3151 1020 3214 6.
1047 3170 1122 3213 cnm
1139 3167 1205 3232 quo
1226 3151 1261 3210 in
1286 3147 1344 3211 sin·

301 3252 386 3336 gulia
408 3251 545 3317 conieni
566 3253 695 3337 possunt
716 3255 828 3317 Florus
842 3264 877 3334 lp.
897 3267 953 3317 aa.
978 3251 1091 3316 Strabo
1107 3265 1140 3330 5.
1162 3271 1235 3336 pag.
1259 3261 1343 3329 toa.

302 3352 326 3416 s.
341 3375 355 3414 ι
362 3367 421 3434 57.
444 3355 529 3418 Plin.
544 3369 576 3436 3.
592 3366 626 3436 4.
638 3353 658 3418 s.
672 3369 705 3435 3.
722 3368 755 3418 et
769 3354 944 3424 Orosinasi.
960 3368 1020 3418 ιιι.
1052 3353 1157 3438 Regio
1172 3352 1236 3434 ipsa
1250 3371 1344 3415 voca·

303 3467 356 3516 tur
375 3454 554 3520 Cantabria
574 3459 608 3519 in
630 3457 756 3520 Graecia
777 3469 810 3520 et
830 3455 969 3526 latinia,
995 3457 1098 3517 ¹cuine
1117 3468 1242 3537 partem
1262 3455 1345 3516 oiim

301 3555 444 3621 Laconea
465 3558 626 3642 occupasse
648 3558 817 3621 tradiderat
841 3577 915 3620 cum
941 3557 1013 3619 aliie
1035 3554 1240 3638 Asclepiaden,
1266 3555 1344 3618 tetta

304 3657 460 3724 Strabone
475 3674 509 3738 3.
532 3681 566 3744 p.
584 3671 667 3739 108.
685 3657 706 3722 s.
724 3671 809 3739 157.
858 3659 974 3743 Populi
997 3655 1149 3721 ferociam
1163 3657 1344 3738 laborieqne

302 3757 491 3844 patientiam
514 3760 662 3824 describit
683 3760 742 3824 sit.
764 3761 835 3826 Ital.
856 3775 889 3841 3,
913 3760 998 3840 326.
1049 3759 1177 3824 Notum
1198 3758 1242 3820 esi
1261 3758 1342 3823 Can·

303 3863 460 3926 tabricum
476 3861 614 3937 beilum,
639 3865 675 3926 in
695 3880 760 3946 quo
777 3863 894 3926 domiti
915 3859 988 3922 sunt
1003 3859 1043 3923 ab
1059 3859 1218 3946 Augusto.
1244 3875 1342 3943 quent

303 3963 378 4028 idco
401 3957 513 4048 passim
531 3965 690 4048 praedicat
709 3965 873 4028 Horatiae.
923 3963 967 4028 At
980 3964 1016 4026 in
1031 3979 1071 4026 eo
1092 3960 1160 4046 ipso
1175 3961 1279 4024 animi
1296 3961 1340 4021 ia·

209 4096 212 4106 ·
304 4067 422 4152 trepidi
439 4077 473 4129 et
487 4065 602 4130 invicti
619 4067 704 4153 signa
726 4067 895 4130 dederunt.
926 4065 1226 4150 Vid.Fior.4,12.
1271 4057 1341 4126 Post

303 4169 456 4235 Tiberina
477 4163 635 4252 impouria
656 4167 758 4234 tribua
780 4165 970 4235 cohortibua
991 4185 1049 4234 eoa
1074 4165 1115 4231 ad
1138 4165 1289 4232 ordinem
1310 4171 1341 4226 et
