2746 4894
303 431 368 512 ιιι
575 430 740 492 north
777 433 1083 494 nxnonrrotn

303 608 375 693 post
391 605 488 670 hahet
503 605 635 688 quidem
650 597 818 692 Aopn'urru.
847 606 897 670 sed
914 610 996 671 nihil
1016 610 1060 670 ibi
1083 609 1124 671 de
1142 609 1283 690 Erythra.
1306 625 1336 676 et

305 711 399 794 ponit
419 711 454 770 in
476 707 598 772 Persico
621 706 701 770 stou.
751 709 920 773 Salmasrue
940 712 978 772 ad
1004 712 1154 774 Solinurn
1171 725 1228 793 54.
1246 713 1266 778 s.
1281 727 1334 792 57.

302 832 336 895 p.
351 832 395 874 m.
411 823 496 890 331.
512 828 570 893 pro
586 809 687 893 Ogyri
703 825 834 895 pugnat.
865 812 928 874 Sed
944 813 1030 894 quod
1047 813 1258 898 Orthagoram
1273 817 1335 876 nni-

303 914 374 975 iom
402 913 435 974 in
462 911 626 975 veteribus
651 913 832 974 auctoribus
855 913 1011 997 agnoscit.
1048 934 1124 977 eum
1154 917 1189 977 in
1215 917 1334 980 Aeliano

304 1009 502 1102 [hisbanim.
521 1015 575 1083 16,
587 1007 666 1100 35.]
684 1027 716 1074 et
731 1013 918 1076 Pnrtoonro
933 1017 966 1076 in
983 1015 1225 1098 vitahpollonii
1242 1033 1271 1096 3.
1286 1030 1334 1096 ¹5·

304 1113 361 1206 [5.
386 1111 467 1204 53.]
490 1116 631 1178 inveniri
655 1117 782 1176 notavit
804 1116 857 1178 hic
882 1113 1023 1189 Voffiue,
1056 1121 1112 1199 qui
1137 1121 1171 1178 iu
1193 1120 1334 1182 Strabone

302 1219 455 1280 emendat
471 1212 666 1304 Ὠγυρίνηι,
689 1217 742 1279 vel
757 1219 937 1279 mutatione
951 1221 1086 1282 minima
1101 1217 1257 1306 Γυρὲνην,
1277 1221 1336 1284 aliia

304 1333 412 1382 tamen
436 1319 706 1404 repugnantibus,
733 1333 770 1380 ut
795 1320 840 1382 ibi
865 1321 1059 1384 monebitur.
1114 1323 1182 1384 Pro
1204 1323 1333 1403 Organa.

303 1441 385 1504 quae
400 1433 433 1483 et
447 1423 481 1482 in
492 1421 657 1483 Arrianoc.
669 1421 690 1482 l.
709 1421 826 1504 legitur
840 1440 940 1504 prope
956 1422 1094 1492 Oaracta.
1115 1425 1201 1489 Cod.
1212 1425 1333 1486 Palatio.

303 1525 339 1584 in
362 1525 503 1607 margine
519 1521 632 1583 habuit
646 1511 791 1610 Οὕγυρις
809 1523 894 1606 apud
909 1523 1049 1587 Ptolem.
1067 1525 1099 1596 6.
1120 1541 1154 1600 7.
1208 1525 1335 1588 Dihabat

302 1625 381 1686 haec
408 1621 523 1693 intuta,
557 1642 748 1704 quocunque
769 1625 821 1686 iiia
843 1624 886 1687 esi
910 1627 1060 1696 nornine.
1090 1627 1171 1690 teste
1191 1628 1334 1689 Strabone

303 1747 330 1790 c.
348 1727 369 1789 l.
393 1727 455 1788 tide
478 1726 608 1806 quidem
631 1723 772 1786 Nearchi
792 1723 838 1786 sui
856 1739 889 1787 et
905 1724 1104 1812 Orthagorae
1122 1746 1225 1791 ¹ttooo
1242 1729 1335 1791 stadiie

303 1850 320 1891 a
344 1827 530 1892 Carmaniae
551 1829 774 1908 promontorio
802 1828 836 1888 in
864 1829 931 1891 aito
952 1833 1029 1890 mari
1055 1831 1125 1901 sita.
1160 1830 1333 1912 quodcum

302 1931 409 1994 Plinio
427 1931 460 2000 6.
480 1943 538 2010 32.
555 1927 576 1990 i.
592 1941 650 2006 28.
673 1931 817 2012 proxime
838 1928 1009 2002 consentit,
1037 1931 1148 1993 sicum
1164 1927 1270 1994 Vossio
1282 1949 1334 2014 pro

309 2043 377 2110 a25
396 2031 444 2094 M.
461 2033 499 2095 P.
521 2050 561 2093 ex
583 2031 688 2094 Codd.
708 2032 792 2114 tegas
813 2045 902 2108 225.
928 2032 985 2094 etfi
1007 2033 1090 2095 nihil
1109 2035 1267 2096 eiusmodi
1283 2051 1332 2094 no

302 2137 384 2198 tavit
399 2133 596 2196 Harduinus.
642 2125 691 2196 Τὸ
712 2134 745 2194 iu
766 2133 866 2193 medio
884 2134 1017 2205 iudicat,
1041 2153 1106 2217 quo
1127 2135 1188 2196 satu
1205 2133 1332 2218 posuerit

301 2236 387 2298 Mela
405 2235 542 2321 Ogyrin.
582 2236 620 2296 in
643 2234 777 2296 circuitu
792 2233 915 2296 Plinius
930 2235 1025 2297 hahet
1045 2254 1113 2301 tto
1134 2237 1184 2300 M.
1200 2238 1238 2300 P.
1263 2253 1331 2318 quae

301 2359 414 2422 parum
437 2341 615 2420 discrepant
632 2335 670 2396 ab
688 2349 758 2412 noo
774 2335 876 2398 stadiis
893 2337 1041 2400 Oaractae
1057 2341 1146 2422 apud
1162 2337 1331 2401 Nearchum

302 2443 336 2504 iu
353 2442 526 2503 Arrianoc.
543 2440 563 2500 l.
592 2435 647 2498 etsr
664 2437 717 2498 hic
733 2439 772 2499 de
789 2437 992 2523 longitudine
1008 2440 1040 2500 id
1058 2439 1167 2505 refert.
1208 2442 1330 2528 liuppo-

201 2522 205 2536 ’
300 2537 385 2614 vibo<
405 2536 539 2605 ἔκτοθεν
561 2529 661 2626 ἄκρης
680 2539 803 2622 Ogyriu
821 2542 913 2622 ponit
929 2540 1061 2620 Dionys.
1077 2562 1105 2605 c.
1120 2543 1143 2604 1.
1181 2545 1331 2622 Βῐιοιεριι

301 2645 434 2708 Curtius
458 2661 513 2714 ιο,
535 2661 565 2712 ι,
590 2651 645 2719 14.
672 2640 727 2702 vel
752 2652 850 2712 error,
893 2643 970 2703 dum
995 2661 1035 2704 ex
1061 2641 1211 2706 Nearcho
1236 2641 1328 2710 resen,

300 2745 384 2806 haud
407 2745 520 2826 procui
541 2762 558 2805 a
584 2741 770 2804 continente
791 2755 947 2806 remotam
972 2743 1106 2805 insulam
1134 2746 1217 2806 hanc
1241 2741 1328 2812 tutte.

301 2845 392 2908 cuiue
414 2847 545 2927 quidem
567 2862 688 2905 nornen
716 2844 849 2906 omittit.
908 2845 961 2908 Sic
984 2859 1017 2906 et
1040 2845 1137 2907 hodie
1160 2848 1201 2908 de
1223 2843 1328 2906 insulta

287 2929 435 3010 =nomine
466 2959 499 3008 et
534 2945 592 3006 srtu
622 2945 811 3027 disputatur.
867 2945 918 3007 Ex
945 2947 1180 3010 recentioribue
1213 2941 1327 3008 Vosstue

303 3049 409 3112 Geruu
424 3049 522 3110 hodie
538 3043 601 3109 esse
622 3059 723 3127 putat.
749 3045 837 3132 (non
855 3045 982 3117 Orneus,
1007 3062 1044 3108 ut
1062 3046 1159 3110 refert
1182 3049 1327 3111 Seideiiot

194 3181 197 3196 ·
299 3151 338 3214 ad
358 3148 573 3212 Eratosthenis
595 3145 705 3232 fragm.
723 3168 755 3230 p.
780 3145 881 3230 182.)
924 3149 1015 3233 Quae
1031 3151 1105 3231 quia
1121 3167 1190 3211 non
1204 3149 1327 3230 amplior

301 3253 348 3331 36
368 3251 416 3314 M.
441 3251 477 3313 P.
506 3271 523 3312 a
545 3246 732 3312 continente
755 3249 856 3320 abest,
892 3250 947 3312 [ιιι
974 3249 1098 3332 inipso
1122 3251 1206 3314 finus
1226 3249 1327 3314 Perfici

299 3354 396 3423 ostio.
430 3366 562 3414 utrem
592 3351 734 3412 breviter
764 3351 925 3421 conficiat.
963 3370 1075 3414 omnee
1101 3353 1212 3415 errasse
1236 3361 1325 3434 putat.

298 3455 487 3519 Harduinue
509 3453 548 3514 ad
568 3452 655 3515 Ptin.
671 3472 699 3514 c.
720 3452 742 3515 l.
763 3453 927 3515 Maziram
949 3467 1057 3535 putat,
1090 3454 1223 3517 Arabiae
1245 3451 1325 3514 lateri

297 3556 420 3619 australi
434 3555 602 3625 obiectam.
627 3553 714 3635 quod
731 3567 836 3616 tamen
853 3565 948 3638 neget
963 3555 1121 3616 d’Anvilie
1137 3555 1188 3616 sur
1203 3557 1233 3618 le
1243 3550 1325 3616 Golse

297 3657 444 3740 Persique
467 3687 515 3698 -
539 3655 733 3734 (Memoireo
749 3655 789 3717 de
811 3653 901 3718 Paria
920 3657 1015 3720 Tom.
1034 3669 1093 3736 50.
1115 3679 1149 3740 p.
1169 3659 1237 3737 146
1252 3655 1324 3738 sqq.)

297 3761 370 3843 quie
389 3771 422 3822 et
445 3757 523 3820 haec
542 3775 653 3840 parum
674 3755 780 3818 dictita
795 3755 832 3817 fit
853 3756 891 3817 ab
908 3757 1039 3820 Arabiae
1059 3777 1124 3822 ora.
1174 3759 1266 3824 Plura
1285 3755 1324 3816 ibi

297 3865 512 3945 disputantur.
546 3877 624 3939 quae
647 3855 791 3930 consule,
819 3859 843 3919 fi
867 3858 967 3922 iubet.
1019 3856 1071 3923 Cs.
1095 3861 1191 3923 etiam
1213 3873 1322 3943 praeter

209 4015 211 4018 .
297 3962 471 4045 superiorea
492 3961 612 4023 Teliier
630 3959 669 4020 ad
691 3959 782 4023 Curt.
805 3978 859 4030 ιο,
883 3981 912 4030 ι,
939 3968 995 4038 ¹4·
1046 3962 1085 4022 In
1111 3962 1213 4024 Garun
1236 3959 1319 4023 hodie

296 4063 455 4128 consentit
475 4061 618 4127 Goffelin
640 4061 824 4125 rechercher
843 4059 895 4123 sur
915 4063 945 4126 la
964 4063 1168 4150 Geographie
1184 4065 1275 4128 Toto.
1290 4073 1320 4122 o.

295 4185 367 4253 ιιι·
394 4165 454 4245 76·
