2650 4896
129 423 177 479 lit
201 421 334 482 Ponte.
362 419 619 478 MEL'LIII.
661 419 780 484 GVH.
822 420 901 492 §.n
968 435 1026 504 ψ

31 597 172 660 l’lnrtttto
187 617 217 678 p.
236 609 268 676 3.
291 594 580 659 etTielienthelero
595 615 627 678 p.
643 615 656 656 ι
669 613 698 659 r.
718 595 772 676 (de
787 609 919 681 utroque
934 603 1030 684 poll.)¹

29 701 82 780 quir
97 697 165 759 Indi
183 717 302 761 nomen
316 699 429 760 incolis
443 697 535 778 plene
550 697 593 759 eli
608 699 820 782 incognitum,
840 704 895 782 qui
910 717 1024 766 vocant

28 799 117 862 unit.
167 801 224 862 llle
253 801 347 862 etium
374 819 494 861 nomen
526 801 643 884 gentile
670 803 775 882 potino
802 814 891 882 putat
913 805 1021 877 India,

30 915 163 982 uterquec
185 919 263 964 voce
283 901 376 964 Hind
402 901 536 962 ducunt.
588 902 684 985 Quod
708 901 764 962 etli
787 902 884 967 hodie
909 925 1023 968 verum

27 1015 97 1084 puto,
126 1015 243 1074 tomen,
274 1022 314 1064 en
338 1005 377 1064 ad
404 1013 496 1063 vetuo
522 1021 641 1064 nomeu
663 1005 893 1066 accommodari
918 1005 1021 1088 polilt,

27 1101 138 1165 dubiure
158 1101 239 1166 forte
257 1104 343 1167 licet.
378 1103 448 1164 Viri.
466 1105 588 1165 Arrien.
606 1103 706 1164 lndic.
722 1123 788 1187 cap.
807 1118 840 1180 3.
893 1109 942 1169 De
964 1111 1022 1170 situ

25 1204 104 1284 poster
116 1205 149 1264 ed
167 1205 268 1268 Melae
285 1203 526 1286 descriptionem
546 1205 748 1286 peculiarem.
785 1207 950 1270 Ambitum
967 1229 1024 1273 no·

25 1309 84 1364 terit
100 1306 175 1369 Plin.
197 1308 229 1377 6,
255 1322 315 1369 nt.
339 1303 358 1368 i.
381 1324 435 1386 ¹7·
458 1305 514 1367 lic:
550 1303 640 1398 erae
660 1325 735 1382 pars
756 1307 870 1368 orienti
888 1303 1022 1403 aduerso

25 1417 88 1466 nno
102 1407 315 1484 praetenditur
321 1398 436 1498 spatio
452 1405 496 1467 od
503 1401 628 1494 flexum
646 1419 678 1467 ct
693 1408 816 1467 initium
833 1409 938 1470 Indici
956 1433 1020 1473 ma·

25 1507 170 1570 rirXVlll.
185 1510 300 1568 XXXV
315 1509 365 1570 M.
381 1509 419 1570 P.
435 1509 564 1588 colligit.
601 1507 727 1569 Deinde
746 1529 806 1588 qua
828 1509 965 1572 flectitur
986 1513 1020 1574 in

23 1610 161 1670 meridiem
176 1606 289 1672 XXVI.
309 1609 419 1670 LXXV
436 1609 483 1672 M.
499 1609 535 1671 P.
562 1624 598 1670 ut
613 1607 831 1671 Eratosthenes
850 1611 952 1682 tradit,
970 1635 1020 1675 ue·

24 1711 117 1788 quenl
134 1711 249 1771 ludum
274 1731 415 1778 amnem.
441 1711 494 1792 qui
511 1709 553 1772 eli
568 1711 606 1771 ab
627 1711 790 1773 occidente
812 1711 883 1774 finie
903 1715 1020 1779 indiae.

22 1807 141 1872 Pluribus
155 1827 264 1872 eutem
280 1813 320 1872 de
336 1831 374 1873 eo
390 1813 527 1894 disputet
543 1811 654 1874 Strabo
674 1823 729 1888 15.
749 1820 877 1892 p.474.
894 1812 913 1873 l.
935 1815 1018 1894 689.

23 1915 141 1973 erroriie
161 1913 359 1985 auctoribue,
381 1933 519 1996 quorum
541 1911 710 1974 sententiae
726 1913 817 1972 valde
832 1913 1019 1996 discrepant,

24 2014 112 2094 quippe
133 2015 166 2074 iu
188 2016 307 2076 incerta
329 2014 368 2076 de
392 2016 481 2077 ludin
502 2015 703 2099 cognitione.
735 2015 821 2094 qnod
842 2027 873 2075 et
900 2013 1021 2080 fabulae

24 2112 112 2174 docent
133 2117 276 2186 iactum,
307 2135 381 2196 quae
403 2115 546 2197 explodit
572 2115 695 2178 Strabo.
738 2115 806 2176 Vid.
830 2115 956 2178 Heeren
981 2119 1021 2181 de

2 2227 3 2232 ’
25 2212 183 2276 Gnemmnr
196 2217 237 2278 de
255 2219 344 2279 ludia
362 2219 475 2277 notitia
490 2238 522 2298 p.
538 2229 603 2294 153
616 2215 655 2298 lq.
675 2217 727 2300 (in
738 2230 956 2280 commentatt.
971 2253 1023 2268 -

25 2314 158 2401 Goetting.
183 2319 257 2380 Vol.
277 2317 355 2400 to.)
386 2317 441 2378 ubi
467 2331 611 2379 veterum
636 2319 828 2379 narrationee
851 2318 891 2378 de
914 2321 1021 2381 indiae

23 2415 118 2478 tubitu
139 2419 295 2504 conlegit,
332 2421 461 2501 eiusque
486 2421 617 2502 figuram
640 2421 672 2478 in
697 2418 810 2478 Nolito
836 2417 938 2478 fallam
962 2417 1022 2481 elle

23 2515 102 2580 docet.
149 2521 228 2582 lnde
251 2540 328 2582 vero
352 2522 447 2582 etiarn
470 2534 611 2582 auctores
633 2521 762 2600 plurimi
787 2517 932 2603 cognosci
955 2519 1024 2604 pol·

23 2613 92 2688 suut,
117 2623 229 2702 quide
252 2621 342 2683 indie
367 2620 561 2704 scripserunt.
614 2619 781 2684 Recenluit
805 2637 860 2681 eoe
882 2621 1023 2684 Raderue

21 2719 50 2777 td
63 2720 194 2783 Curtium
215 2734 249 2800 8,
266 2740 300 2801 9.
316 2723 361 2786 in.
383 2723 506 2786 additio
519 2723 756 2785 recentioribus.
795 2720 937 2782 Pertinet
961 2723 1024 2785 huc

24 2821 152 2906 catalogue
174 2823 361 2906 scriptorum
387 2825 533 2886 hilloriee
559 2825 646 2885 Alex.
676 2823 723 2886 Μ.
750 2823 913 2905 prolixior.
938 2841 1024 2906 prae·

22 2921 82 2982 firn
98 2924 194 2986 Curtii
210 2926 345 2987 editioni
362 2924 615 3010 snakenburgii,
643 2927 675 2985 in
693 2945 755 3006 quo
772 2937 803 2984 et
823 2925 916 2982 multi
935 2945 1021 3005 repe·

21 3022 119 3085 riuntur
137 3028 175 3088 de
194 3027 290 3088 rebus
307 3027 434 3090 indicio.
485 3028 644 3107 Equidem
661 3025 791 3087 adhibui
809 3038 929 3106 practer
946 3025 1023 3086 elios

2 3169 3 3172 η
21 3125 110 3186 etiem:
141 3128 299 3190 tl'llnville
314 3127 468 3209 antiquit&
484 3127 723 3212 Geogrephique
744 3127 783 3186 tle
799 3125 910 3191 l'lnrle.
937 3127 1022 3186 Parit

24 3239 106 3304 1775.
121 3237 155 3308 4.
180 3225 655 3312 TieffenthalerBelchreibung
669 3248 736 3290 von
752 3225 939 3296 itinerum,
954 3226 1024 3286 her·

21 3329 189 3412 rutgrgeben
211 3349 278 3392 von
300 3329 422 3391 lohann
439 3331 612 3401 Bernoulli,
636 3329 745 3391 Berlin
767 3337 872 3403 1785.
891 3337 924 3404 8.
959 3315 1044 3388 tto·'

21 3422 121 3490 bertlon
138 3430 381 3514 Unterluchung
402 3431 482 3494 iiber
500 3431 552 3493 die
570 3428 757 3494 Xenntnille
776 3429 831 3489 der
848 3427 940 3489 Alteri
956 3447 1022 3489 von

21 3525 126 3602 ludim,
145 3533 270 3610 (llerlin
292 3547 396 3612 1792.
419 3536 474 3610 8.)
506 3531 649 3595 consulto
673 3534 768 3593 etiarn
799 3527 936 3590 liennell
959 3547 1022 3590 me·

21 3629 157 3695 moirola
174 3634 250 3715 Mep
268 3632 307 3695 of
325 3633 522 3696 Hindoolltn
541 3667 588 3684 -
613 3631 749 3695 London
771 3639 875 3707 1783.
893 3639 927 3708 4.
975 3631 1025 3690 De

21 3727 149 3794 ludorum
180 3737 319 3820 origine,
358 3735 380 3795 st
412 3737 481 3817 quit
508 3737 703 3797 coniecturae
734 3731 903 3798 deiiderat.
942 3730 1025 3815 legat

21 3828 231 3901 Tieffentheler.
245 3857 315 3920 pag.
336 3851 378 3916 13
395 3836 457 3917 sqq.
497 3837 616 3898 Lutiori
632 3833 737 3904 sensu,
765 3851 782 3894 a
802 3831 1025 3914 posterioribus

21 3933 134 3996 menime
147 3937 327 4000 unctoribue
350 3936 430 3998 lumi
448 3937 573 3999 indiam
587 3937 627 3998 de
644 3935 757 4014 Libye.
780 3934 940 4016 Aegypto,
968 3933 1024 3994 Ae·

22 4029 129 4114 ihiopir.
152 4037 269 4110 Arabio,
291 4038 469 4110 Palaestine,
486 4037 641 4100 rdllruere
656 4035 808 4118 exemplis
824 4033 1026 4095 conaturCu·

22 4149 97 4212 petuo
117 4137 235 4204 observ.
253 4149 288 4222 4.
314 4157 348 4226 7.
392 4137 445 4204 ct.
463 4153 496 4202 et
520 4137 627 4204 Fteret
652 4136 702 4201 sur
726 4137 755 4198 la
782 4135 962 4219 Cyropedie
987 4135 1027 4197 dc

58 4249 490 4331 commentaremur.
738 4237 770 4323 Q
