2748 4888
187 409 243 472 nt
269 407 409 468 rone.
437 407 546 468 net.
588 405 699 466 cut.
740 405 835 471 on.
875 407 954 482 cn.
1044 415 1087 486 η

43 585 83 651 tt.
100 583 143 649 G.
167 605 200 656 ι,
219 595 253 661 8.
274 595 308 645 et
331 582 453 646 imilie.
501 580 572 645 Atto
595 583 730 646 nomine
752 581 938 644 Bieominm
962 581 1087 646 dictum

45 687 156 756 inite,
183 685 272 767 quod
292 697 399 747 temen
421 685 547 766 proprie
562 683 606 746 est
619 685 689 747 eiue
704 685 883 768 epitheton,
909 697 942 749 et
956 686 1087 756 Amrin,

47 788 120 852 utto
136 787 287 849 adfirmet
301 787 451 850 Aethione
463 787 497 847 in
514 783 679 870 Coimogr.
696 805 730 870 p.
746 795 832 868 Μ.
847 788 861 863 (
869 787 902 846 ἰη
917 786 968 852 ed.
984 785 1088 849 Melae

46 891 221 964 Gronov.)
245 900 280 951 et
299 907 339 950 ex
354 886 455 950 tribur
469 887 568 950 elveie
584 899 617 949 et
635 887 719 950 ostiie
738 888 796 950 trie
809 887 939 949 uomina
953 888 1089 952 commi·

42 990 193 1062 nifcitnr,
218 987 394 1072 exploiuee
411 987 568 1052 Cluverio
583 991 617 1050 in
632 989 740 1054 Germ.
754 1001 819 1052 ent.
837 1001 869 1065 3.
889 1005 944 1066 17.
960 1009 992 1072 p.
1003 991 1089 1068 567.

43 1093 205 1158 Rhenum
228 1111 245 1154 e
268 1087 333 1179 ῥεῖν
354 1089 478 1152 fortun
502 1091 626 1152 dictum
646 1089 723 1162 effe,
749 1089 905 1152 existimat
929 1091 1090 1154 uetando·

44 1197 82 1256 in
103 1193 276 1258 Palaestina
296 1215 324 1262 ι,
342 1203 402 1272 43.
418 1193 464 1255 in.
489 1193 562 1274 quie
581 1193 615 1253 in
636 1192 837 1277 regionibus,
863 1191 921 1252 ubi
946 1192 989 1254 est
1005 1211 1092 1258 nnuc

44 1296 187 1365 fluviae,
218 1306 274 1354 eut
295 1306 379 1356 certe
399 1311 483 1355 unne
506 1295 659 1364 eximius,
691 1293 858 1356 communi
880 1293 934 1356 ille
955 1296 1091 1358 nomine

38 1393 175 1490 firmins
188 1396 251 1457 dici
267 1393 371 1466 [oleat.
395 1409 432 1456 ut
451 1394 559 1466 Nilus,
584 1377 705 1482 (ΒΜ)
729 1397 862 1467 Araxes,
884 1395 1008 1466 Baetis.
1031 1395 1092 1478 Cy·

49 1519 117 1560 ms.
160 1498 227 1559 Alii
245 1514 365 1560 nomeu
383 1497 528 1559 derivant
548 1517 565 1559 e
587 1517 699 1558 rennen
716 1495 737 1561 s.
754 1497 863 1559 rinnen
879 1495 922 1559 ob
942 1496 1091 1560 velocem

47 1597 192 1662 curium.
232 1598 294 1661 etit
315 1618 332 1660 e
350 1599 433 1660 flcio
455 1599 493 1659 eb
516 1599 604 1680 equie
624 1593 861 1680 limpidiffintie.
894 1596 966 1660 vio.
986 1597 1094 1668 Teub-

49 1721 164 1767 menn.
187 1699 228 1763 ed
250 1700 359 1785 virgil.
375 1717 408 1780 9.
426 1700 511 1780 603.
547 1701 668 1782 Spener
691 1702 724 1762 in
746 1711 816 1764 not.
840 1699 950 1762 Germ.
974 1713 1039 1765 unt.
1058 1713 1092 1780 3,

52 1815 88 1882 4,
107 1823 137 1866 t.
158 1823 192 1884 p.
207 1822 220 1862 t
235 1820 289 1882 ¹9·
334 1803 467 1871 Locum,
483 1800 538 1862 ubi
555 1803 714 1886 originem
729 1802 822 1884 cepit.
847 1799 961 1864 Noster
974 1803 1094 1864 indicet

52 1903 129 1986 ipse.
170 1904 232 1965 lul.
249 1901 338 1966 Coei,
357 1903 397 1964 de
412 1905 450 1966 Β.
466 1903 505 1966 G.
521 1913 556 1983 4,
577 1925 632 1966 ιο.
653 1921 693 1965 ex
710 1903 894 1985 Lepontiie‚
919 1904 976 1985 qui
998 1903 1094 1986 Alpe·

51 2007 222 2075 incolunt,
255 2023 330 2066 eum
355 2005 429 2066 oriri
457 2002 581 2077 scribit3
619 2005 796 2087 Lepontice
823 2023 900 2067 reru
929 2005 963 2066 in
990 2003 1094 2068 Cotiie

52 2107 192 2189 Alpihue
215 2106 309 2190 ponit
322 2105 460 2169 Ptolem.
478 2119 510 2182 3,
531 2128 560 2169 t.
614 2109 654 2168 At
671 2105 795 2168 Pliniue
811 2119 843 2184 3.
864 2115 922 2183 24.
940 2103 959 2167 i.
978 2121 1036 2172 tto.
1057 2107 1094 2168 in

53 2209 244 2290 Lepontiie‚
277 2209 330 2288 qui
352 2207 461 2269 Viberi
476 2220 647 2278 vocentur,
673 2207 823 2270 Rhodani
845 2205 967 2270 fontem
988 2209 1093 2291 ponit,

53 2325 85 2372 ct
102 2313 313 2371 Vennonetes
333 2311 563 2391 sarunetesque
586 2322 674 2371 ortne
691 2307 797 2371 Rheni
816 2309 956 2371 eccoiere
978 2307 1093 2380 scribit,

52 2411 169 2474 Strabo
193 2409 370 2472 Nantuatee
389 2422 424 2487 4.
448 2425 619 2494 peg.133.
643 2409 766 2491 [192.
788 2412 822 2471 io
848 2409 947 2472 Adule
969 2423 1094 2475 monte.

52 2514 187 2574 Tacitus
204 2513 237 2570 in
255 2511 364 2574 Germ.
381 2531 408 2574 c.
430 2533 458 2574 r.
482 2531 519 2574 ex
539 2511 764 2573 Rhaeticurum
789 2510 918 2594 Alpium
944 2509 1095 2574 inaccess'o

54 2633 88 2676 uc
107 2613 278 2696 praecipiti
294 2613 413 2672 vertice
429 2613 573 2683 deducit,
601 2613 801 2698 Agathemer.
820 2628 853 2683 tt.
869 2623 905 2692 4.
921 2632 959 2675 ex
977 2615 1096 2676 monti·

54 2715 112 2777 hue
126 2713 360 2795 Traueelpiuir.
386 2715 522 2796 Propino
536 2715 737 2777 Ptolemaeue
754 2729 787 2784 Ω,
809 2731 864 2778 ttt.
886 2711 992 2776 fontee
1007 2715 1096 2777 iuxta

54 2817 150 2878 urbee
166 2817 375 2900 Taxgcetium
390 2829 424 2876 et
443 2815 642 2900 Brigantium
659 2816 819 2880 monstrat.
862 2815 943 2876 lude
957 2835 1014 2898 per
1029 2835 1096 2877 nte·

53 2919 121 2980 diae
137 2917 233 2999 Aipee
247 2915 395 2978 decurrit.
419 2915 567 2994 (Dionys.
584 2936 618 2980 r.
636 2917 719 2996 296.
742 2917 796 2978 ubi
814 2917 903 3000 ptura
920 2919 959 2978 de
975 2937 1015 2980 eo
1033 2919 1096 2983 Eu·

54 3019 215 3094 ssethiue.)
264 3017 400 3078 Subiicit
427 3017 559 3080 Noster:
597 3039 695 3098 prope
717 3038 739 3079 a
760 3019 867 3100 cupite
890 3017 971 3080 dnos
995 3017 1095 3086 locut,

59 3121 219 3185 Vennum
249 3129 282 3179 ec
301 3119 486 3189 Acroninm.
520 3119 575 3201 qui
599 3119 729 3201 quidem
753 3137 909 3201 nusquam
933 3117 1008 3180 tlibi
1033 3117 1096 3180 hoc

56 3223 195 3287 nomine
224 3233 407 3284 occurrunt.
456 3219 579 3304 Quodsi
603 3222 750 3283 ordinem
776 3219 904 3304 [pecten
930 3219 969 3282 ed
992 3220 1096 3281 lecum

56 3324 108 3388 itte
122 3324 307 3407 pertinent,
332 3323 386 3403 qni
406 3341 492 3383 nunc
506 3335 638 3384 vocatur
655 3312 829 3413 Bodensee,
854 3333 887 3385 et
906 3321 1029 3403 optime
1043 3341 1094 3384 cn.

63 3435 172 3505 1795.
194 3420 368 3505 descriptue
388 3421 431 3484 eii
451 3422 490 3484 eb
508 3423 717 3487 Hertmeuno.
756 3422 908 3486 Celierine
926 3423 958 3483 in
977 3421 1096 3508 Geogr.

60 3541 125 3590 eut.
143 3543 176 3595 Ω.
195 3539 227 3604 3.
247 3527 308 3604 46.
334 3522 488 3588 Vertacum
510 3525 550 3586 de
571 3525 712 3610 longiori
736 3524 793 3588 illo
819 3524 971 3608 explicet.
1003 3525 1098 3605 quie

61 3629 223 3714 Brigantio
245 3627 372 3708 incipit,
407 3639 440 3688 et
460 3626 558 3711 longe
586 3627 742 3710 procurrit
762 3627 803 3688 ad
825 3623 1040 3691 Constantium
1066 3639 1099 3686 et

62 3731 195 3793 ulteriue
218 3729 255 3790 ad
279 3728 454 3812 oppidum,
486 3727 572 3809 quod
593 3728 692 3791 hodie
710 3726 768 3798 est,
797 3723 940 3788 Budmen
957 3737 1098 3796 vocetur,

62 3834 147 3894 uude
172 3831 312 3892 eundem
335 3830 438 3918 lecum
461 3828 522 3890 effe
544 3842 637 3912 putet
657 3827 830 3898 Venarum.
861 3827 1098 3908 Brigantinnm,

64 3921 335 4026 Constantiensem
358 3943 392 3992 et
412 3927 642 4004 Budenicum
673 3930 843 3994 Acront‘um
864 3927 905 3991 de
922 3929 1042 3990 minori
1066 3941 1100 3991 et

63 4033 226 4105 inferiori,
256 4051 352 4113 quem
372 4031 506 4094 Rhenue
527 4033 668 4104 invadit,
693 4049 794 4113 quum
812 4042 934 4115 praeter
949 4029 1100 4095 Conssan-

62 4137 159 4212 tiem,
192 4130 313 4222 eltpiue
334 4122 441 4200 um‘e
466 4135 603 4209 meiere,
636 4135 672 4198 in
692 4131 894 4200 occidentem
912 4127 1000 4220 iupre
1023 4129 1100 4200 Hel·
