2746 4894
112 435 168 496 ttt
195 431 337 494 rotat.
366 431 478 492 ΜΗ..
520 431 631 492 Lm.
673 435 707 496 C.
729 437 809 500 vm.
846 437 947 510 5¹⁰·
1005 453 1069 522 87⁸

28 605 148 673 veterio
163 603 315 692 Tragici,
340 606 469 680 versut,
496 625 579 693 quos
595 607 765 672 lert-amnt
782 609 901 676 Euleb.
916 615 957 678 de
976 639 1068 702 prae-

29 731 94 799 par.
112 711 238 793 Erang.
256 727 291 790 9,
311 728 366 790 29.
381 708 404 773 f.
432 724 466 772 et
484 709 626 773 Eustath.
648 710 689 772 ad
709 711 939 779 Hexaemeron
957 740 989 802 p.
1010 733 1068 802 25.

29 813 191 898 adpositos
204 808 261 876 hic
278 827 310 874 et
327 815 518 878 emendatos
535 811 682 876 aVoffio.
716 813 908 898 Adparuiffe
921 817 1069 903 primum

29 911 222 984 Sesostride.
248 911 319 998 poll
342 912 490 976 Amaside
514 909 782 990 dominantibus,
814 915 936 982 deinde
960 921 1069 988 Ptole·

28 1035 123 1080 maeo
149 1011 248 1080 tertio
271 1035 348 1078 cum
373 1015 480 1076 multo
501 1029 684 1077 ceterarum
708 1017 884 1082 volucrum
907 1019 1070 1091 comitatu

30 1113 224 1202 Heliopolitt
251 1115 477 1189 advolantem,
519 1115 619 1179 refert
644 1115 782 1181 Tacitus
807 1123 922 1186 Annal.
948 1127 983 1197 6,
1010 1139 1068 1206 28.

30 1219 253 1303 Conspectum
274 1217 335 1279 elle
356 1215 414 1280 luh
433 1215 571 1280 Tiberio
592 1233 727 1280 narrant
742 1235 908 1303 praeterea
923 1223 989 1288 Dio
1006 1239 1068 1307 53,

33 1337 87 1394 27.
115 1317 203 1384 le.
224 1341 280 1392 to,
301 1336 332 1382 e.
354 1333 387 1382 et
407 1317 540 1385 Solinus
557 1335 616 1397 33.
634 1319 655 1384 l.
674 1322 732 1398 36.
760 1323 815 1384 etsi
835 1318 871 1384 in
892 1344 980 1388 anno
1002 1326 1069 1392 die·

30 1419 186 1486 sentiunt.
221 1419 349 1483 Falsum
364 1435 474 1484 autem
488 1417 582 1482 inille
596 1441 636 1484 ex
651 1441 690 1483 eo
705 1437 798 1485 notat
806 1421 955 1500 Tacitus,
977 1431 1070 1513 quod
1165 1419 1169 1426 ’

27 1521 114 1588 inter
128 1525 356 1587 Ptolemaeum
371 1539 405 1585 et
420 1521 595 1587 Tiberium
618 1522 731 1586 minue
749 1537 818 1603 250
836 1523 914 1588 anni
932 1528 1067 1601 luerint.

29 1627 183 1689 Tandem
205 1621 348 1690 Claudio
368 1621 520 1709 principe
541 1622 578 1687 in
601 1625 717 1688 urbem
740 1627 884 1690 adlatum
905 1627 992 1692 etin
1015 1651 1069 1696 co·

27 1725 126 1792 initio
141 1729 343 1814 propolimm
359 1744 400 1788 ex
419 1723 499 1791 actio
517 1725 617 1788 refert
631 1724 758 1791 Plinius
775 1749 802 1792 c.
820 1731 840 1790 l.
868 1731 923 1792 etli
944 1728 1012 1816 ipse
1031 1731 1071 1796 in

28 1827 171 1893 dubium
178 1843 284 1894 vocat.
312 1825 486 1898 Cf.etiam.
508 1825 567 1914 qui
583 1824 673 1891 idem
688 1828 832 1902 tradunt,
850 1829 984 1896 Solinus
1001 1853 1031 1900 c.
1045 1835 1073 1900 l.

26 1929 182 1997 du'reliue
203 1927 314 1993 Victor
338 1929 380 1990 ‹le
402 1929 528 1994 Caesar.
546 1939 582 2010 4,
611 1940 664 2008 24„
700 1946 733 1993 et
757 1927 794 1993 in
816 1930 963 2016 epitome
978 1946 1014 2014 4.
1034 1953 1069 2018 9.

27 2031 152 2099 Suidae
174 2032 196 2095 l.
219 2055 251 2094 v.
276 2015 409 2105 Φὸῖνιὲ,
439 2033 610 2111 Syncellue
633 2028 669 2093 in
693 2031 876 2118 chronogr.
892 2055 965 2120 pag.
987 2033 1071 2103 266.

25 2129 185 2222 (Venet.)
211 2127 269 2220 qui
288 2129 380 2195 addit
395 2150 437 2196 ex
451 2129 688 2218 Acgyptiorum
704 2131 910 2208 testimonib,
937 2138 1071 2202 conlen-

26 2235 134 2301 tiente
152 2233 328 2320 Dexippo,
368 2249 445 2296 ante
473 2253 575 2296 annos
597 2235 670 2314 659
691 2231 799 2296 visum
821 2233 921 2299 etiam
951 2239 1012 2301 elle
1032 2236 1073 2303 in

26 2341 190 2423 Aegypto.
238 2336 288 2398 ab
310 2334 483 2399 Herodoto
505 2353 537 2408 e.
561 2349 618 2417 73.
644 2329 711 2426 ἱρὸς
733 2327 819 2425 ὅρνις
843 2353 996 2412 vocatur,
1030 2343 1072 2404 ab

25 2439 170 2508 Aeliano
192 2437 233 2500 H.
254 2436 290 2501 Δ.
313 2437 349 2510 6,
373 2449 431 2516 58.
455 2435 543 2512 θεῖος
565 2429 656 2526 ὄρνις.
713 2436 782 2502 Soli
810 2453 921 2502 autem
946 2440 1074 2507 sacrum

26 2539 125 2606 luill'e
139 2538 276 2603 tradunt
288 2535 376 2603 Plin.
390 2560 446 2611 to,
466 2557 496 2602 o.
518 2535 654 2602 Tacitus
670 2540 784 2603 Annal.
801 2540 836 2612 6,
859 2550 914 2618 28.
941 2559 973 2606 et
988 2559 1075 2634 quoe

25 2643 144 2708 laudat
166 2641 209 2704 ad
231 2637 406 2709 Claudiam
429 2662 461 2703 v.
477 2659 511 2720 9.
533 2638 704 2718 Barthiua,
739 2637 798 2704 ubi
825 2643 887 2705 hac
910 2643 952 2705 de
978 2645 1074 2708 caula

29 2745 183 2809 Titanius
200 2743 267 2806 ates
287 2737 427 2813 dicitur,
460 2755 499 2804 ut
520 2762 537 2803 a
557 2740 729 2805 Lactantio
749 2765 781 2805 v.
800 2757 857 2821 33.
881 2745 1005 2809 Phoebi
1015 2738 1075 2840 sa·

24 2847 127 2911 telles.
166 2845 296 2929 Nempe
313 2839 471 2906 vertentia
489 2857 523 2905 et
540 2841 738 2906 renascentia
756 2841 830 2906 solie
850 2846 973 2927 fignum
995 2868 1075 2912 eum

24 2948 155 3012 ferum.
192 2944 265 3008 Vid.
280 2945 392 3008 Barth.
409 2963 437 3008 e
453 2947 474 3006 l.
492 2965 531 3006 ex
548 2945 690 3012 Gaaaeo.
739 2945 782 3006 Et
802 2945 843 3008 fic
861 2945 963 3009 hodie
982 2965 1074 3032 puta·

25 3065 84 3113 tur
115 3051 241 3132 lignum
271 3045 381 3110 curlus
409 3042 495 3110 Solio
529 3060 652 3109 certam
683 3041 828 3130 aliquam
853 3065 1074 3134 magnamque

24 3147 211 3237 periodum
226 3145 394 3218 indicant.
420 3143 516 3210 cuiue
535 3147 738 3209 occasionem
753 3143 823 3207 avie
841 3145 961 3210 deditre
981 3147 1074 3215 vide-

23 3267 97 3316 tur.
134 3247 209 3314 Vid.
229 3247 365 3312 Richter
381 3249 465 3312 iiber
486 3245 541 3310 die
555 3245 754 3310 fabelhaften
768 3245 892 3310 Thicrc
910 3271 942 3333 p.
961 3253 1018 3328 65.
1041 3267 1077 3316 et

23 3351 65 3416 in
89 3349 425 3438 primieDornedden
446 3345 690 3433 Phamenophia
711 3371 743 3432 p.
766 3349 916 3434 199sqq.
951 3349 1008 3436 qui
1033 3355 1076 3417 de

24 3456 129 3536 cyclo
160 3471 230 3517 oto
258 3471 421 3515 annorum
446 3469 486 3513 ex
519 3471 635 3513 arcana
663 3447 898 3534 Aegyptiorum
924 3451 1076 3517 doctrina

24 3555 280 3640 interpretatur.
308 3549 453 3638 Quidam
468 3553 510 3614 all
522 3552 676 3614 vulturem
692 3549 857 3612 barbatam
874 3547 1012 3616 Linnaci
1028 3577 1077 3619 re·

24 3657 167 3734 fernum
193 3654 331 3720 Richter
345 3677 376 3740 p.
388 3655 446 3732 67.
463 3652 504 3714 ad
515 3645 681 3746 falconem
696 3643 884 3746 chrysae'ton
898 3651 1051 3720 Linntei.

110 3857 265 3944 unico)
298 3855 452 3925 Tradunt
467 3852 503 3918 id
520 3870 553 3919 et
569 3853 625 3919 alii
643 3851 789 3942 plurimi.
815 3831 903 3918 Hinc
917 3855 1079 3920 Eusebius

23 3959 69 4028 in
85 3957 157 4025 viu
172 3957 378 4028 Constantini
394 3969 430 4038 4,
446 3973 504 4042 72.
520 3955 565 4020 in.
586 3953 762 4048 μονογενὴς
778 3951 821 4020 ὥν
837 3951 895 4043 τὴν
912 3947 1022 4039 φύσιν.
1045 3975 1081 4022 et

22 4065 132 4130 ιηίσα
148 4064 223 4125 avis
239 4081 279 4124 ex
293 4059 470 4147 periphrasi
482 4055 644 4124 Martialis
663 4081 720 4132 to.
741 4060 796 4133 ιδ,
816 4054 848 4125 6.
879 4057 931 4125 cf.
946 4061 1080 4126 Werne·

23 4163 116 4232 dors
131 4163 174 4240 ad
190 4165 339 4228 Laetam.
355 4183 388 4226 v.
406 4175 464 4240 31.

633 4261 691 4326 Δι
718 4277 741 4329 tt
