2748 4888
167 447 524 508 reponerent.
565 449 675 506 nnn.
718 449 797 512 αι.
840 447 972 524 ene.
1059 465 1098 510 ιι

135 618 319 710 Buflnsi)
367 623 422 686 Sin
441 635 474 684 et
496 622 618 686 Greeei.
662 621 775 684 Strabo
794 635 827 701 3.
848 641 880 704 p.
898 623 958 703 96.
976 619 997 686 s.
1020 637 1101 707 139.

73 722 188 786 eaedem
220 723 407 786 Basietenoe
432 726 529 788 etiam
555 726 658 786 dictor
685 723 746 784 esse
777 723 938 794 adfirmat.
973 738 1007 786 et
1031 723 1103 808 post

73 843 101 906 p.
121 823 234 899 toas.
256 828 340 902 156.
358 845 426 886 non
452 823 552 886 solum
575 827 607 886 id
627 829 759 906 repetit.
794 823 846 888 sed
867 839 901 888 et
919 845 1033 890 eornm
1045 835 1104 888 ‘re-

73 927 190 1009 gionem
204 945 221 985 a
237 925 340 1009 Caspe
355 929 394 986 ed
409 926 634 1012 Carthaginem
656 927 786 998 definit,
818 931 908 990 eninr
924 940 1031 990 tamen
1048 928 1105 990 aii·
1236 954 1240 964 ·

72 1047 155 1106 quern
169 1043 293 1108 partem
317 1029 430 1090 tribuit
447 1029 603 1092 Oretanie.
642 1027 847 1092 Ptolemaeue
864 1045 896 1099 α.
913 1039 948 1112 4.
972 1029 1105 1112 eCeipe
1184 1043 1189 1052 '

74 1133 108 1190 td
124 1129 298 1190 Meiierium
316 1130 412 1192 hebet
427 1131 625 1192 Bastulorum
645 1131 778 1216 oppida,
801 1129 983 1194 Besietenoe
997 1145 1105 1194 eutem

74 1244 104 1300 Ω,
116 1241 149 1308 4.
167 1228 301 1312 separat,
327 1246 360 1293 et
376 1251 477 1315 prope
490 1231 645 1294 Oretanot
659 1231 761 1304 locet3
792 1231 886 1294 urbes
901 1235 935 1293 in
950 1251 1004 1294 ore
1018 1251 1106 1296 eom·

74 1344 217 1394 memoret
236 1332 353 1404 Urcern
375 1353 443 1396 non
459 1334 570 1415 procul
588 1353 604 1394 e
620 1331 813 1418 Carthagine
827 1353 922 1412 nove,
949 1335 1054 1416 piures
1070 1335 1107 1396 in

74 1433 205 1494 interiori
224 1435 371 1519 regione.
432 1435 484 1498 Sic
512 1435 596 1496 Piin.
614 1447 646 1512 3.
668 1449 703 1512 4.
727 1433 748 1496 s.
765 1448 798 1514 3.
821 1434 962 1498 Bastulot
984 1438 1108 1518 primo·

74 1534 105 1594 in
122 1555 170 1596 ora
192 1536 350 1598 citeriori·
372 1534 541 1620 Hisponire
564 1538 730 1618 producit,
763 1549 796 1599 et
818 1539 853 1598 in
882 1537 1011 1620 oppidin
1034 1555 1109 1602 orte

74 1638 216 1716 proximie
236 1637 352 1700 Urcin.
405 1639 526 1700 Eorum
550 1639 629 1700 finer
647 1637 798 1699 Marcieu.
817 1637 940 1700 Horres.
957 1658 1026 1724 pag.
1047 1653 1107 1720 39.

75 1735 164 1798 lintis.
189 1735 329 1822 (vitiose
345 1739 391 1802 ibi
405 1729 637 1824 Bitooroupoi)
660 1739 793 1821 rCripe
816 1737 953 1824 prosert.
980 1755 1013 1802 et
1027 1740 1110 1802 Poe·

73 1856 127 1900 not
141 1841 362 1924 cognominari
378 1842 482 1913 addit.
510 1857 546 1904 ut
560 1841 700 1904 Ptolem.
721 1857 752 1910 u.
769 1849 805 1922 4.
859 1839 997 1924 Nempe,
1020 1839 1111 1924 quod

77 1939 192 2002 testetur
214 1943 354 2020 Psin.5.
375 1957 406 2022 3.
428 1941 448 2006 s.
471 1963 500 2005 t.
527 1941 706 2004 universam
740 1943 827 2003 issem
854 1961 943 2004 orem
976 1943 1111 2027 origiuie

76 2039 252 2106 Poenorum
277 2045 512 2106 existimaverat
534 2043 582 2107 M.
601 2045 750 2129 Agrippa.
795 2041 847 2108 Cs.
872 2043 957 2106 Mese
975 2059 1007 2114 Β,
1024 2045 1057 2116 6,
1074 2061 1109 2124 9.

78 2143 168 2206 iidem
187 2145 264 2206 hine
281 2147 365 2227 apud
381 2147 515 2229 Appien.
530 2149 571 2208 de
590 2146 658 2208 reb.
673 2144 761 2228 Hisp.
778 2165 845 2228 cup.
861 2145 920 2224 56.
941 2145 1112 2208 censentur

79 2243 130 2305 esse
146 2227 444 2328 Βλάστοφοίνικες.
470 2251 616 2331 quemvis
632 2266 698 2310 non
718 2247 779 2311 sine
797 2249 907 2308 mendi
925 2245 1110 2330 suspicione.

81 2343 124 2408 (is.
139 2349 455 2434 Schweighaeuserue
478 2351 548 2412 Vos.
567 2362 601 2428 3.
625 2370 657 2432 p.
676 2351 760 2428 269.
795 2349 850 2430 qui
872 2350 1004 2410 coniicit
1023 2346 1114 2412 nia·

83 2445 350 2531 στουλοφοὶνικες.
401 2449 531 2514 Nonius
549 2454 581 2512 in
604 2449 752 2532 Hispania
769 2469 836 2532 cep.
852 2461 885 2528 8.
900 2469 932 2531 p.
944 2460 1028 2528 388.
1055 2450 1113 2512 ubi

82 2551 206 2612 eundem
223 2554 334 2614 iocum
352 2556 505 2623 tractarit,
529 2553 679 2614 emendet
693 2551 745 2614 vei
760 2547 1037 2632 Bourospoiotnet.
1060 2551 1115 2614 vei

82 2647 390 2734 Βαστυλοφοίνικες,
415 2657 486 2737 quie
510 2655 548 2716 ed
571 2639 783 2715 Hannibalem
806 2653 934 2716 iliorum
953 2655 1115 2738 originem

84 2753 231 2834 Appianue
245 2753 372 2818 reserat.
405 2755 455 2818 (is.
478 2757 563 2818 idem
579 2757 675 2818 etiam
694 2775 721 2816 c.
739 2755 760 2815 i.
783 2755 823 2818 tie
841 2753 984 2818 Beiiulit.
1021 2754 1116 2818 Cete-

84 2872 162 2925 rum,
187 2855 373 2929 utNoster,
404 2856 577 2923 Psininec.
598 2857 619 2918 1.
645 2855 788 2918 subiicit:
833 2853 873 2916 ab
901 2859 977 2918 Ana
1009 2868 1119 2918 entem

83 2953 237 3020 Atlantico
255 2957 383 3020 Oceano
398 2950 529 3049 obversa
551 2955 651 3046 (ore)
673 2955 877 3053 Bastnonrm
893 2955 1118 3020 Turdulorum·

84 3075 136 3138 qne
152 3058 209 3152 eft,
239 3073 377 3143 uterque
397 3059 523 3123 diverso
542 3061 668 3124 ordine.
1229 3061 1235 3073 “

236 3267 267 3343 §.
295 3273 331 3344 4.
382 3262 556 3347 portus)
594 3259 770 3354 Menesthei
787 3274 899 3346 portne
914 3271 1054 3345 putetur.
1076 3259 1119 3322 de
1195 3290 1198 3300 =

85 3380 140 3442 quo
160 3363 282 3428 dictum
307 3365 351 3428 est
372 3367 410 3426 ed
430 3382 462 3436 2.
486 3363 519 3435 6.
542 3385 576 3446 9.
611 3364 666 3428 etii
693 3377 824 3448 propter
845 3363 1058 3426 diversitatem
1082 3363 1118 3424 in

87 3461 236 3530 Marciano
260 3481 293 3529 et
312 3469 480 3530 Antonino
502 3468 665 3530 dubitetur
683 3467 723 3528 eb
745 3467 830 3536 eliis,
861 3465 902 3528 de
924 3485 989 3547 qno
1012 3465 1119 3546 paullo

87 3566 147 3649 posi
159 3570 194 3628 ad
210 3567 290 3662 Asin
303 3582 337 3630 et
353 3569 406 3630 hie
428 3570 463 3630 in
480 3571 542 3632 sine
562 3583 668 3633 notae.
721 3567 829 3650 Prope
851 3567 953 3628 Asiam
978 3585 1120 3628 comme·

89 3683 181 3730 morat
194 3673 292 3732 etiam
302 3670 415 3733 Strabo
430 3685 462 3750 3.
476 3692 508 3754 p.
519 3673 577 3752 96.
589 3669 610 3734 s.
625 3681 703 3748 140.
727 3684 761 3730 et
775 3669 815 3730 stc
830 3668 979 3730 Marcion.
993 3667 1119 3730 Hereoi.

88 3783 183 3849 1240.
201 3771 303 3835 Horis.
331 3773 386 3832 ubi
402 3787 549 3856 corrupta
562 3793 601 3835 ert
618 3771 775 3834 Strabone
789 3767 880 3831 seciie
895 3769 1119 3832 emendentur.

92 3870 231 3934 Noiiera
257 3875 373 3936 ricinia
399 3875 537 3936 Gadium
565 3873 763 3938 Gaditanum
793 3871 944 3953 adpellet‚
977 3869 1062 3952 qnod
1086 3881 1121 3932 et

92 3967 155 4033 iecit
177 3975 331 4039 Antonin.
352 3977 386 4038 in
410 3978 516 4038 itiner.
538 3997 609 4058 pag.
627 3985 714 4054 409.
745 3974 807 4055 qui·
823 3973 862 4034 eb
881 3972 950 4036 etta
971 3985 1121 4034 removet

100 4075 134 4136 td
149 4075 193 4139 Μ.
208 4075 244 4138 P.
273 4077 306 4138 in
329 4097 394 4160 quo
416 4097 482 4142 non
501 4073 604 4140 solum
623 4097 641 4138 a
658 4074 838 4147 Marciano,
867 4073 917 4137 sed
934 4085 967 4136 et
983 4093 1000 4136 e
1016 4073 1122 4136 Ptole·

95 4192 174 4242 nreo
191 4194 224 4254 u,
246 4187 282 4260 4.
318 4199 414 4264 quem
439 4177 694 4247 consentientem
716 4175 813 4243 hebet
836 4175 1033 4249 Mercimue.
1060 4173 1123 4240 dit·
