2696 4896
142 428 199 485 ιιι
226 425 363 486 nourr.
392 427 500 484 mnu.
540 427 649 484 um.
693 428 798 490 orv.
839 427 969 500 aar.
1022 445 1081 487 ιιι

51 604 260 687 Oudendorp.
277 603 436 687 explicant
452 601 583 676 nudare,
611 602 764 684 expedire,
786 601 869 696 uesta
885 601 1026 674 liberare.
1048 615 1085 666 ut

53 707 174 768 brachia
196 706 297 768 Ouid.
320 705 453 769 Metam.
472 721 505 776 u.
530 721 614 776 270.
641 701 675 788 9,
699 719 757 782 57.
791 727 970 776 mammam,
997 705 1084 768 latas

52 809 155 892 virgil.
175 809 257 870 Aen.
280 825 307 877 ι,
330 817 416 887 499.
449 827 504 879 ιι,
528 806 611 888 649.
664 808 716 868 Sic
738 808 871 890 explicat
893 807 933 870 de
955 809 1089 871 Amazo-

46 911 137 972 nibue
162 909 310 971 Onwena
333 911 366 970 in
390 910 537 972 noctibus
562 909 684 993 Hagun.
710 925 743 979 u.
770 923 824 983 17.
850 928 920 992 pag.
938 924 1021 990 509.
1049 923 1088 972 ut

45 1012 188 1074 dextram
202 1012 340 1094 pectoris
355 1024 475 1093 partem
491 1010 637 1095 gefferint
653 1008 803 1072 exsertam
822 1011 841 1073 i.
859 1031 889 1073 e.
908 1015 1036 1081 nudum.
1052 1025 1086 1073 et

45 1115 202 1195 exemplis
221 1114 349 1194 probat,
375 1113 590 1174 laudatoriam
607 1111 790 1174 Broukhui.
806 1113 844 1174 ad
860 1113 1003 1196 Propert.
1020 1133 1046 1175 u.
1062 1114 1085 1176 1.
1195 1142 1199 1151 ·

45 1229 76 1278 et
93 1215 272 1276 Burmann.
293 1216 331 1276 ad
348 1213 445 1277 Ovid.
463 1214 500 1276 A.
520 1215 558 1276 A.
578 1227 610 1293 3,
631 1227 715 1292 307.
766 1213 860 1276 Certe
877 1216 917 1276 [ia
933 1228 1087 1298 ceperunt

47 1309 189 1407 exsertas
203 1337 356 1376 mammas
370 1317 452 1398 apud
470 1315 666 1400 Virgil.deu.
681 1337 710 1385 ι,
725 1325 811 1396 492.
836 1317 966 1380 Serviua
984 1331 1016 1380 et
1032 1317 1087 1378 atii

47 1421 248 1500 interpretes.
303 1417 439 1478 Nudaffa
461 1437 616 1479 mammae
642 1415 754 1479 diserta
783 1419 877 1480 etiam
905 1419 983 1481 dicit
1009 1419 1085 1482 Pru·

48 1533 127 1604 pert.
148 1535 181 1598 5,
205 1535 259 1590 ru,
280 1531 333 1596 15.
356 1519 486 1600 aliique,
511 1517 709 1601 probantque
729 1533 949 1582 monumenta.
989 1523 1028 1582 At
1051 1521 1087 1582 in

49 1643 88 1684 eo
104 1625 236 1683 videtur
251 1641 352 1682 errare
368 1620 529 1691 Ouwenr,
560 1621 646 1701 quud
670 1621 792 1682 dextras
817 1623 947 1684 nudatae
971 1620 1085 1693 scribit,

50 1743 120 1786 curu
138 1722 253 1784 diserte
269 1722 368 1782 trudat
385 1720 515 1785 Curtius
530 1723 563 1791 6,
583 1735 616 1800 5,
635 1737 693 1794 27.
715 1721 807 1784 laeva
826 1744 902 1800 pars
919 1721 963 1784 ad
975 1736 1088 1803 pectus

49 1824 211 1918 eftnuda.
261 1826 296 1886 Si
320 1824 359 1884 de
382 1826 531 1886 mummia
554 1825 723 1891 intellexit.
750 1843 828 1904 quae
852 1843 917 1884 non
945 1827 1085 1896 aderant,

49 1928 159 1988 nudari
179 1927 275 1988 etiam
297 1945 362 1986 nun
378 1938 536 2006 poterant.
574 1926 619 1988 lta
638 1926 766 2006 quidem
786 1941 947 1996 auctores,
969 1924 1086 1988 diesen·

50 2028 204 2090 tieutibua
227 2040 334 2088 tamen
355 2027 587 2089 monumentia.
640 2027 783 2089 Fuerunt
805 2042 981 2108 praeterea,
1010 2026 1087 2089 teste

49 2128 182 2193 Arriano
208 2129 248 2189 de
270 2149 342 2210 exp.
369 2129 453 2190 ulex.
477 2129 523 2191 Μ.
548 2143 580 2202 7,
605 2141 660 2206 13.
693 2128 747 2210 qui
771 2129 929 2200 dicerent,
963 2129 1088 2194 dextrae

48 2251 205 2293 mammas
240 2231 380 2290 minoren
414 2227 569 2301 habuisse,
610 2249 723 2310 eaeque
754 2231 886 2292 nudatae
911 2217 1022 2316 (ἔξω)
1052 2231 1089 2294 in

48 2335 172 2416 proelio
191 2327 321 2415 geffiffe.
375 2331 446 2393 Hoc
461 2332 532 2393 loco
548 2344 655 2394 autern
673 2331 753 2392 nihil
768 2333 852 2392 aliud
872 2333 965 2402 valet,
992 2351 1088 2414 quarn

48 2433 250 2516 protrudere.
276 2422 434 2520 proferre.
461 2447 494 2495 et
509 2431 550 2494 suu
564 2434 687 2516 optime
704 2435 936 2495 accommodari
951 2433 1088 2516 poliunt,

1 2531 2 2537 '
48 2557 125 2620 quae
143 2536 187 2596 de
204 2533 419 2596 Amazonibus
439 2530 551 2596 tradita
572 2529 683 2616 passim
698 2536 909 2616 reperiuntur,
936 2550 968 2597 et
985 2535 1089 2598 Melae

48 2639 144 2702 rerba
168 2636 312 2716 adprime
333 2635 472 2697 inlustrat
494 2635 624 2698 Orusrur
647 2656 675 2707 r,
699 2647 752 2712 ¹5·
776 2638 828 2697 irrrr
859 2638 888 2698 r's
910 2627 1088 2726 infantium

52 2735 282 2802 dexterioribus
298 2737 458 2807 mammis,
485 2758 523 2798 ne
535 2726 734 2826 sagittarum
757 2739 839 2798 ictus
855 2737 1088 2818 impedirentur,

52 2841 131 2904 uude
153 2844 331 2902 Amazones
352 2837 473 2910 dioran
501 2839 587 2918 quod
608 2840 700 2899 duxit
721 2857 761 2899 ex
783 2837 903 2901 lustina
920 2855 952 2909 u,
976 2851 1010 2918 4,
1033 2859 1088 2902 ιι.

52 2945 124 3006 Vult
144 2943 247 3025 igitur
265 2938 368 3000 Mela:
405 2937 438 3002 V
439 2939 509 2999 irile
520 2935 569 3030 fit
588 2952 697 3018 pectus
719 2939 740 3000 i.
764 2957 792 3002 e.
817 2959 884 3002 nun
907 2939 1091 3023 protuberet

51 3044 215 3108 mammio.
261 3039 487 3130 Potesttamen
508 3043 603 3101 etiam
619 3037 726 3102 referri
743 3041 782 3102 ad
799 3043 988 3114 Amazones,
1013 3059 1090 3125 quea
1155 3093 1159 3103 .

53 3138 297 3210 Sauromatidas
314 3153 481 3207 vocarunt.
515 3138 567 3206 Cf.
587 3142 670 3206 Mela
689 3155 720 3222 5,
738 3153 772 3219 5,
788 3152 823 3224 4.

1074 3196 1081 3230 i

217 3341 247 3424 §.
277 3359 310 3421 3.
358 3344 571 3425 puellaria
605 3335 757 3436 pensa)
814 3345 907 3429 Apud
935 3345 1091 3409 Sarmatae

53 3469 89 3514 eo
102 3451 177 3512 locu
195 3446 363 3515 habentur.
389 3465 452 3528 quo
466 3448 547 3527 apud
566 3447 701 3508 Graecos
719 3461 751 3508 et
766 3447 930 3510 Romanoa
947 3449 1090 3520 lanificia,

53 3553 167 3635 quibua
188 3549 310 3610 deditae
333 3547 392 3608 ede
417 3546 559 3610 honestae
579 3561 612 3610 et
633 3546 747 3610 sobriae
771 3546 907 3611 feminae
928 3549 1090 3620 volebant,

55 3667 84 3716 et
104 3652 259 3734 quidem,
295 3663 330 3710 ut
353 3662 436 3710 certe
462 3663 564 3732 parteu
591 3651 734 3732 qnotidie
757 3649 966 3714 absolverent.
1019 3651 1091 3712 Hau

56 3757 138 3818 enirn
157 3765 223 3814 erat
240 3750 384 3833 pensum.
419 3769 442 3812 ι.
464 3769 662 3814 οιιοιιοιιιι
677 3752 755 3814 MS.
773 3767 807 3816 u.
846 3753 938 3814 ldem
956 3753 1091 3816 omniuo

55 3859 195 3920 adfirmet
212 3855 420 3936 Hippocratae
439 3870 467 3916 o.
488 3852 510 3916 l.

114 4057 155 4152 st
165 4056 395 4138 ipandr'um)
427 4057 470 4120 H.
486 4076 514 4120 e.
532 4055 690 4124 debitum.
707 4053 794 4138 quud
810 4066 960 4118 tenentur
973 4057 1092 4138 patriae

56 4161 222 4246 praeliare,
255 4160 371 4224 eodem
395 4160 488 4243 plane
512 4164 631 4230 modo.
663 4177 728 4242 quo
753 4159 833 4222 civia
855 4161 1022 4225 Romanoa
1043 4170 1093 4221 tot
