2650 4896
137 411 191 468 ru
218 405 355 464 roma.
383 405 492 464 nur.
533 405 644 462 err.
686 404 819 468 ntur.
860 406 938 478 aa.
1006 419 1068 487 ⁸⁹¹

25 579 166 662 Dionys.
188 590 324 662 10994.
365 581 421 663 qui
447 579 553 648 addit.
585 580 669 640 inter
700 579 824 660 Syriam
859 581 1067 667 Arabiamque

26 687 139 758 volvi,
167 683 372 766 paullumque
393 683 441 744 ad·
455 685 613 746 orientem
635 683 781 744 converti
797 695 830 745 et
849 684 926 747 inde
942 687 980 748 ad
997 689 1068 750 Ela-

26 807 89 851 noa
106 790 130 849 i.
148 805 178 848 e.
197 785 346 846 Elanitae.
397 785 445 846 lta
464 802 582 866 nempe
597 803 654 864 pro
670 779 828 850 Σελανῶν
849 785 910 872 leg.
933 787 993 852 elle
1011 791 1070 852 du·

28 891 110 952 dum
139 899 311 948 monuerat
339 882 466 948 Salmas.
489 887 530 946 ad
556 885 658 946 Solia.
683 905 751 969 cap.
773 899 832 966 33.
858 907 890 971 p.
912 909 957 953 m.
981 901 1066 971 342.

28 993 249 1070 evincuntque
272 986 420 1051 Priscian.
441 1007 475 1050 v.
496 987 580 1062 867.
604 1001 636 1048 ot
658 988 800 1050 Avienua
822 1009 855 1052 v.
878 1009 983 1075 ¹¹⁰3·
1010 993 1069 1054 ubi

27 1094 124 1154 illum
141 1092 250 1153 locum
267 1087 419 1152 referunt.
454 1087 582 1171 Nempe
597 1108 636 1150 ex
657 1079 753 1176 ἄχρις
769 1085 915 1155 ’Elaver
932 1094 1070 1157 adhaelit

28 1187 69 1257 rb
88 1211 120 1256 σ.
156 1189 302 1253 liecellru
318 1203 424 1254 autern
439 1191 508 1252 eiua
529 1204 661 1252 vocatur
676 1185 864 1276 Aiiavirpa.
891 1195 939 1253 nti
956 1194 1071 1260 diserte

28 1308 124 1357 notat
139 1293 319 1354 Marcianus
333 1310 403 1375 pag.
420 1309 455 1370 9.
479 1290 619 1374 (Hudl.)
661 1291 752 1354 Idem
773 1289 885 1382 μυχός
898 1290 1072 1385 Ἐλανίτης

28 1395 181 1460 Straboni
198 1409 255 1469 17.
273 1386 343 1478 pag.
360 1405 444 1470 557.
462 1391 483 1454 l.
502 1405 586 1470 809.
613 1391 804 1455 ·l‘romilcue
819 1397 907 1458 enim
931 1397 1072 1460 efferunt
1158 1461 1165 1470 ,

31 1512 178 1560 auctores
194 1515 251 1578 per
266 1517 298 1557 nr
315 1507 348 1556 et
364 1517 394 1564 a.
424 1495 472 1554 uti
493 1493 637 1576 pluribus
651 1495 761 1555 docuit
774 1493 901 1558 Salmas.
917 1499 954 1558 ad
969 1499 1072 1564 Solin.

31 1619 102 1682 cap.
114 1611 173 1678 33.
190 1617 223 1678 p.
240 1617 285 1658 ru.
302 1605 384 1676 349.
419 1595 502 1658 Aliae
518 1594 671 1656 scribendi
687 1597 853 1660 varietatea
869 1599 984 1659 adtulit
1001 1599 1074 1662 Cel·

31 1701 131 1762 larius
147 1703 181 1760 in
199 1697 316 1782 Gengr.
333 1710 396 1758 ant.
415 1710 448 1776 3,
469 1707 523 1777 14,
541 1709 599 1774 31.
619 1715 750 1778 quarum
767 1697 872 1760 causae
888 1702 1073 1785 intelligun-

32 1815 87 1864 tur
107 1821 149 1863 ex
166 1799 275 1862 Plinio
294 1795 326 1871 6,
345 1812 403 1876 39.
421 1796 442 1861 l.
463 1809 519 1874 98.
540 1798 661 1860 Aelana
681 1799 769 1860 enirn
791 1800 884 1872 urbe,
911 1805 997 1864 unde
1017 1821 1075 1864 no·

32 1925 112 1966 meu
136 1903 222 1973 aliie,
256 1897 325 1963 aliie
345 1900 453 1962 Elann
474 1901 558 1961 dicta
579 1898 638 1968 eil.
672 1913 704 1960 et
730 1897 769 1960 stc
789 1901 885 1962 etiarn
902 1898 1076 1984 Λαιανίτης

33 2005 118 2087 apud
142 2002 408 2087 Agatharchidem
430 2021 500 2086 pag.
518 2013 578 2078 57.
599 1998 744 2083 (Hudl.)
786 2003 858 2062 Viri.
878 2003 1015 2064 Bocbart
1039 2005 1075 2066 in

1 2159 2 2164 ,
33 2107 141 2170 Chen.
162 2124 192 2176 1,
213 2112 274 2182 44.
314 2101 439 2164 Salmas.
456 2123 483 2164 c.
501 2104 521 2164 l.
545 2115 578 2164 et
599 2101 771 2186 Welleling
792 2105 830 2166 ad
856 2105 991 2166 Diodnr.
1009 2107 1074 2168 stc.

36 2222 71 2288 3,
85 2217 148 2286 43.
182 2205 308 2268 Omitto
323 2205 396 2267 aliae
410 2205 639 2287 corruptiones,
659 2223 735 2284 qnae
751 2199 860 2284 pallini
877 2203 978 2267 adfert
993 2203 1077 2268 Mar·
1137 2214 1141 2222 ’

36 2309 119 2372 eiani
137 2306 288 2390 periples.
326 2302 377 2368 cf.
394 2309 490 2368 etiam
507 2305 648 2368 Holllen.
663 2307 700 2366 atl
715 2305 912 2385 Stephanum
929 2329 998 2392 pag.
1019 2309 1075 2372 16.

35 2412 90 2493 qui
113 2423 221 2476 notat.
245 2406 467 2490 aquibnadam
485 2401 609 2470 κόλπον
630 2401 741 2478 'natm
768 2405 891 2488 Lquod
911 2411 982 2468 vult
1001 2409 1078 2470 Ber-

36 2511 146 2574 keliua
166 2505 276 2572 ’artat
298 2510 421 2581 vocari,
457 2510 505 2570 uti
534 2507 609 2571 urba
632 2507 696 2590 ipsa
716 2509 799 2590 apud
823 2507 958 2591 Procnp.
979 2511 1019 2572 de
1036 2509 1077 2574 B.

37 2611 125 2678 Peri.
148 2635 177 2683 1,
198 2629 252 2691 19.
273 2610 319 2674 in.
343 2611 460 2672 dieitur
480 2605 606 2682 'uttan
638 2629 732 2690 quam
751 2611 925 2695 geographi
945 2611 1021 2672 dant
1042 2614 1078 2673 in
1196 2599 1201 2612 ⁸

40 2716 97 2777 illo
113 2712 232 2776 reeellu
249 2711 336 2774 fitam
352 2711 492 2774 Arabiae.
519 2711 604 2772 Hine
619 2725 651 2773 et
669 2711 753 2773 linue
769 2711 959 2774 Aelaniticus
974 2711 995 2774 l.
1010 2714 1080 2776 eta·

39 2817 169 2879 niticua.
205 2813 277 2875 Vid.
293 2813 332 2876 de
350 2813 428 2875 urbe
450 2813 573 2875 Politua
596 2815 629 2872 in
654 2812 859 2876 animadvers.
881 2813 914 2873 in
935 2813 1077 2878 Eustatb.

39 2919 79 2980 ad
101 2913 236 2993 Dionys.
253 2931 287 2986 9,
312 2916 365 2977 16.
382 2935 415 2996 p.
433 2931 516 2993 940.
567 2913 713 2994 Plerique
735 2927 852 2974 vocant
876 2907 1019 2985 κόλπον.
1045 2928 1080 2979 et

41 3019 220 3100 Procopiue
235 3035 262 3077 c.
278 3016 299 3076 l.
327 3016 371 3075 ibi
395 3010 545 3103 11099μό1
567 3010 594 3090 ἐς
617 3007 702 3097 ἄγαν
719 3009 830 3076 oravit
851 3011 998 3097 ’γίνεσθαι
1021 3018 1076 3079 ait.

43 3119 211 3204 Spectabat
225 3119 383 3179 orientem
393 3131 425 3179 et
440 3118 592 3180 adiectam
607 3115 742 3176 habebat
757 3115 900 3176 Arabiam
916 3117 1080 3178 Petraeam

41 3219 276 3285 etNabataeor.
294 3217 422 3300 (Strabo
442 3220 496 3284 16.
511 3227 637 3300 9534.
649 3216 670 3282 l.
682 3211 781 3298 777.)
807 3218 1080 3299 lndadegyptum

44 3320 155 3384 verine
179 3321 212 3382 in
234 3319 348 3385 recellu
368 3320 445 3382 alter
465 3320 549 3384 liunt
570 3318 647 3390 fuit,
676 3337 790 3398 quem.
823 3317 898 3380 telle
917 3317 1025 3379 Plinio
1045 3321 1079 3391 6.

46 3439 106 3505 53.
126 3421 149 3487 l.
165 3437 225 3502 99.
242 3425 346 3483 Aeant
361 3435 533 3492 vocarunt.
559 3423 592 3482 in
608 3439 670 3502 quo
683 3418 744 3480 luit
760 3419 900 3481 Heroum
916 3417 1080 3500 oppidum.

42 3519 180 3615 Ἡρώων
200 3517 293 3596 πόλις
308 3522 389 3604 apud
406 3521 553 3585 strabon.
573 3523 627 3586 16.
645 3541 676 3602 p.
695 3533 779 3598 599.
800 3519 820 3584 l.
842 3533 925 3598 759.
978 3523 1083 3602 Atque

45 3630 89 3690 ita
109 3622 301 3702 Genel.46‚
324 3639 383 3698 97.
407 3635 466 3701 98.
498 3623 700 3686 Alexandrini
733 3635 865 3684 vertunt
895 3621 1081 3683 Hebraieam

46 3747 165 3792 vocem
191 3717 308 3791 mlvi.
342 3721 502 3812 (Golen.)
559 3723 833 3802 Heroopoliticum
868 3724 943 3784 inde
976 3722 1089 3784 vocari.

48 3829 143 3894 refert
166 3827 250 3890 Plin.
274 3841 307 3902 5,
337 3841 392 3888 19.
417 3825 514 3888 l.1r.
546 3828 604 3908 qui
624 3817 747 3898 κόλπος
765 3820 890 3911 Ἡριῦος
912 3823 954 3884 est
976 3825 1085 3886 Theo·

46 3929 176 4015 pbrasto
202 3930 238 3988 iu
260 3927 330 3991 bill.
352 3927 449 4010 plant.
471 3941 505 4004 3,
529 3937 562 4002 8.
613 3927 694 3988 Urba
718 3927 828 3988 eadem
854 3925 1015 4007 Stephano
1041 3925 1086 3988 est

45 4027 154 4123 Ἡρὼ,
182 4029 239 4092 ubi
254 4048 287 4090 et
310 4029 486 4112 pleniorem
509 4027 690 4112 [cripturam
712 4026 874 4089 Strabonis
892 4039 991 4090 notat.
1031 4025 1085 4091 Cf.

48 4138 87 4198 ad
105 4130 266 4197 Antonini
289 4132 362 4195 itin.
386 4149 457 4217 pag.
480 4146 558 4206 170.
579 4127 746 4209 (Wellel.)
796 4129 834 4190 lu
851 4127 965 4194 eodem
981 4128 1086 4191 baua

676 4230 707 4288 T
736 4245 756 4293 9
