2748 4888
284 399 328 468 ⁷4
553 385 716 450 tto-rur.
757 385 1061 446 uxuuurrcrr

285 565 391 628 vetio·
408 554 551 626 defertur
567 562 606 624 ad
623 563 797 633 Rauracos,
822 563 877 644 qui
894 583 981 626 nuuc
998 563 1137 646 proximi
1152 559 1349 626 succedunt

283 665 456 730 Hesvttiiu.
487 667 541 730 Sic
562 663 691 728 Cluver.
708 664 742 726 iu
759 665 867 728 Germ.
885 679 950 730 ant.
967 681 1001 736 2.
1016 675 1077 745 4ο.
1099 685 1169 751 pag.
1187 668 1278 744 506.
1306 677 1348 726 et

284 764 446 830 d’durisse
461 787 494 849 p.
513 767 598 848 546.
613 785 641 828 c.
657 767 678 831 1.
699 767 872 828 Actonium
889 781 1002 848 putant
1021 767 1081 830 esse
1103 789 1193 830 nunc
1210 765 1345 828 Uare*

286 869 360 941 διες
386 868 524 930 valetus
539 887 570 950 p.
585 880 671 948 479.
691 869 860 928 Acront'um
880 881 913 929 et
927 869 1155 950 Brigantium
1171 869 1339 932 eundem.

286 968 429 1032 Tschudi
448 967 713 1052 (Hauptschlt'isses
730 989 770 1030 zu
788 966 960 1034 verschied.
979 971 1233 1047 Astertht'imern)
1254 989 1342 1053 pag.

291 1084 373 1150 125.
397 1072 439 1132 itu
458 1073 561 1132 sucum
581 1071 716 1140 dividit,
744 1085 782 1130 ut
803 1067 941 1152 superior
956 1091 1026 1154 patr
1046 1071 1083 1132 sit
1099 1071 1341 1152 Brigantinus.

284 1172 391 1236 tnudia
406 1174 576 1242 Acroniut.
612 1169 744 1234 inferior
764 1171 957 1236 Bodamr‘cus
979 1175 1077 1236 lacut.
1125 1176 1203 1235 Sine
1225 1173 1343 1236 dubio

284 1273 390 1344 Mela.
422 1274 510 1354 quod
538 1286 570 1336 et
603 1273 758 1336 existimat
785 1273 934 1336 Mannert
961 1273 1202 1359 (Geographie)
1225 1273 1271 1334 Τ.
1297 1288 1338 1354 5.

284 1395 319 1460 p.
337 1372 421 1456 663.
444 1389 581 1458 utroque
602 1376 671 1436 sucu
693 1375 788 1437 uniut
809 1388 842 1436 et
860 1377 1003 1438 eiutdem
1020 1376 1181 1459 duplicem
1198 1375 1346 1437 divisio·

284 1496 361 1540 nem
384 1477 546 1562 iutelligit.
584 1477 706 1540 Psiuitu
721 1494 756 1556 9,
779 1492 839 1556 99.
857 1475 879 1541 s.
901 1492 955 1552 17.
978 1477 1101 1558 primur
1121 1477 1233 1542 usitato
1259 1473 1341 1559 post

284 1580 419 1642 numine
443 1599 517 1640 eum
539 1578 756 1640 vocularum
779 1579 913 1640 Ιίαοεὶαε
927 1579 1170 1658 Brigantium,
1196 1579 1274 1660 quia
1299 1592 1339 1640 ot

284 1681 404 1744 litetur
428 1681 583 1764 adtingit,
622 1699 703 1763 quor
726 1679 858 1742 Tacitus
886 1679 998 1742 Annrl.
1019 1695 1051 1750 9,
1079 1695 1134 1754 17.
1156 1681 1338 1765 coniungit

284 1803 360 1846 curu
383 1783 568 1846 Vindelicis.
629 1783 755 1844 Horum
778 1795 886 1843 autem
909 1777 998 1844 fuisse
1022 1781 1204 1865 Brigantiot
1227 1783 1337 1842 tradit

284 1883 398 1948 Strabo
416 1893 451 1966 4.
475 1905 508 1968 p.
529 1892 607 1962 142.
629 1882 651 1946 s.
668 1879 753 1950 906.
776 1883 967 1965 illorumque
989 1881 1100 1944 urbem
1116 1882 1336 1964 Brigantium

283 1985 370 2068 apud
391 1986 530 2047 Ptolem.
549 2000 582 2054 9,
606 2002 660 2046 ι9.
683 1989 761 2048 circu
777 1982 901 2048 sontem
919 1985 1026 2046 Rheni
1041 1985 1188 2066 ponitur,
1213 2003 1336 2065 qutun·

283 2087 344 2156 vit,
370 2086 391 2146 st
413 2086 523 2149 erdem
541 2085 616 2147 urbt
632 2084 685 2156 est.
712 2087 906 2168 aliquantum
927 2086 1011 2147 idern
1029 2099 1061 2164 3.
1083 2105 1112 2148 t.
1130 2086 1240 2156 variat.
1266 2085 1335 2147 ubi

284 2189 412 2269 adparet
435 2187 468 2248 in
486 2186 587 2247 Graii·
608 2186 753 2269 Alpibut.
791 2188 901 2248 Lacus
915 2187 1106 2266 Brigantiae
1124 2200 1260 2250 vocatur
1285 2186 1331 2248 ab

284 2287 455 2351 Ammiano
476 2298 529 2364 ¹5·
548 2289 582 2350 6.
610 2287 665 2348 ubi
682 2301 714 2349 et
729 2285 926 2350 describitur.
965 2288 1058 2351 Unde
1074 2290 1205 2350 uomina
1224 2286 1262 2352 V
1258 2309 1332 2350 eno-

284 2401 338 2452 tus
353 2403 387 2452 et
401 2389 556 2451 acronius
568 2391 660 2450 ductu
676 2390 753 2460 sint,
777 2390 951 2475 ignoratur.
988 2389 1144 2453 Miisserut
1160 2403 1268 2452 tamen
1285 2389 1331 2451 ad

284 2489 421 2552 Guthrie
443 2489 667 2555 Wett-Getch.
695 2491 766 2554 v01.
790 2505 844 2566 17.
867 2491 908 2553 T.
936 2512 965 2553 ι.
991 2510 1061 2574 pag.
1078 2499 1138 2572 [μ.
1161 2511 1178 2552 a
1199 2491 1330 2572 populo

287 2591 443 2656 Venatum
466 2592 656 2674 adpulsutum
677 2590 738 2655 usse
760 2590 939 2674 suspicatur,
966 2589 1143 2666 erondi,
1169 2592 1329 2655 hominen

283 2693 375 2776 vagi,
403 2693 454 2754 itta
475 2693 545 2754 loca
564 2694 756 2764 transierint,
785 2695 839 2755 ves
857 2693 973 2756 Praetor
990 2694 1108 2754 accolas
1125 2693 1166 2754 itu
1189 2691 1330 2756 vocasse.

284 2796 335 2856 De
351 2791 442 2854 cursu
461 2794 611 2857 ulteriore
626 2795 734 2857 Rheni
747 2807 780 2856 et
793 2795 930 2877 popusit,
946 2812 1026 2876 quot
1043 2793 1159 2864 transit.
1175 2794 1241 2857 vid.
1256 2792 1329 2858 lus.

284 2893 371 2959 Caes.
388 2895 428 2956 de
452 2895 489 2956 B.
513 2896 552 2959 G.
576 2905 611 2980 4,
636 2917 692 2960 ιο.
725 2896 827 2958 Tacit.
850 2895 963 2959 Annus.
984 2913 1014 2966 9,
1038 2893 1070 2960 6.
1100 2895 1185 2960 Psin.
1203 2905 1237 2974 4,
1263 2909 1330 2974 99.

285 2996 306 3060 s.
329 3009 383 3074 25.
411 2995 523 3059 Strabo
538 3004 573 3076 4.
591 3018 622 3079 p.
642 3009 723 3076 135.
742 2993 762 3060 s.
783 3013 864 3076 192.
917 2999 1059 3081 Quidam
1074 3014 1186 3058 turum
1203 2995 1331 3058 vehere

284 3099 503 3168 tradiderunt,
536 3101 575 3163 dr
601 3117 665 3180 quo
689 3084 756 3160 vid.
783 3115 863 3180 quot
892 3109 1049 3159 memorat
1079 3097 1263 3160 Henrriniut
1282 3097 1330 3158 ad

283 3201 382 3263 'sossii
398 3200 485 3281 episi.
502 3201 608 3264 itiner.
630 3219 659 3264 r.
674 3217 706 3280 p.
718 3207 765 3275 98
779 3197 822 3281 sq.
854 3198 1000 3282 Eleganti
1016 3199 1167 3261 Rhenum
1183 3199 1330 3260 carmine

284 3302 423 3386 elegiaco
440 3299 596 3384 descripsrt
617 3300 704 3362 sibrit
721 3301 742 3364 6
761 3300 886 3371 Mulier,
909 3298 1025 3364 Colon.
1042 3313 1146 3376 1570.
1161 3310 1195 3376 8.
1229 3297 1330 3362 Ceto·

283 3424 357 3466 rum
379 3401 514 3464 Rhenus
533 3404 626 3464 limes
646 3400 725 3462 olim
747 3416 813 3464 etat
833 3401 972 3466 Romani
993 3401 1137 3485 imperii.
1164 3401 1213 3461 uti
1233 3419 1328 3464 nuuc

283 3503 383 3570 stetur
399 3501 442 3566 est
459 3501 729 3567 Franco-Gallici.

358 3653 470 3717 stand
493 3652 639 3736 procus
660 3675 681 3713 a
706 3649 835 3733 mari)
885 3650 973 3715 Falso
989 3653 1115 3716 Plinius
1137 3675 1154 3715 a
1174 3653 1255 3716 mari
1276 3619 1327 3716 re·

284 3769 397 3818 movet
416 3774 484 3819 roo
500 3753 563 3818 sere
573 3755 619 3817 M.
634 3753 671 3816 P.
695 3749 806 3816 caesar
821 3761 886 3834 θῦε
910 3755 964 3817 islo
980 3755 1123 3818 excursu
1138 3757 1252 3828 amuis,
1268 3755 1324 3818 hic

283 3871 368 3921 recta
383 3857 465 3918 linea
481 3853 563 3920 sorte
580 3856 724 3920 metitur.

360 4009 435 4072 stuc
459 4019 498 4069 rt
524 4005 650 4088 illuc)
701 4007 727 4071 s.
747 4027 777 4072 ο.
803 4008 838 4070 in
863 4021 884 4072 9
908 4007 1016 4072 alveos
1034 4005 1226 4090 dispescitur.
1260 4007 1326 4071 Sed

285 4111 326 4178 dt
351 4109 460 4178 liheui
485 4109 583 4176 alveis
600 4107 623 4177 s.
639 4103 744 4186 suffit,
778 4123 816 4174 ut
839 4109 879 4175 de
905 4112 975 4176 eiu·
1000 4108 1103 4184 otiis.
1134 4109 1325 4186 rdeuiutet
