2748 4888
278 405 320 466 26
547 406 705 465 Norae
745 405 1048 465 exultavere

159 619 166 632 -
276 574 449 668 pressione,
475 599 535 662 qua
552 577 632 641 inira
647 598 723 642 eum
747 582 930 653 invenitur3
956 601 1015 642 nec
1029 579 1120 643 aliter
1138 580 1247 642 suadet
1262 601 1341 643 nu-

277 703 444 747 merorum
461 683 541 744 ordo
557 685 591 741 in
605 683 803 752 Ptolemaeo,
821 685 875 762 qui
892 685 925 742 in
942 683 1066 744 Hondii
1082 696 1115 744 et
1128 683 1228 746 Bertii
1244 684 1336 746 edd.

152 861 155 867 Ι
277 783 441 868 depravati
468 783 631 867 leguntur.
691 781 760 845 Nec
786 784 875 844 aliter
897 787 990 865 ponit
1014 783 1164 844 Marcian.
1191 785 1332 846 Heracl.

275 907 308 968 p.
327 899 387 964 42.
404 881 504 946 Huds.
539 884 645 946 Potest
662 899 768 946 tamen
785 885 856 953 hoc,
879 887 965 965 quod
981 900 1013 946 et
1028 899 1139 946 mouet
1157 885 1331 956 Mannert,

277 987 414 1069 obponi,
440 987 522 1069 Tagi
539 986 653 1047 ostium
676 1007 741 1047 nou
762 988 799 1047 acl
821 999 994 1048 extremam
1011 1005 1099 1047 oram
1121 987 1259 1070 porrigi,
1289 997 1332 1048 et

276 1089 354 1150 hinc
374 1085 505 1148 inseriua
525 1088 610 1148 sitam
627 1091 754 1148 narrari.
806 1087 957 1150 Ceterum
982 1089 1077 1148 lruiue
1097 1087 1184 1150 urbia
1207 1086 1332 1149 descri-

275 1193 422 1274 ptionam
444 1190 535 1249 dedit
552 1191 724 1251 Damianua
739 1209 754 1248 a
772 1189 873 1259 Goea,
905 1210 984 1270 «puae
1005 1187 1116 1250 inserta
1132 1188 1174 1250 etl
1192 1189 1332 1250 schotti

276 1291 368 1374 Hisp.
390 1289 497 1352 illustr.
521 1291 561 1354 T.
582 1308 613 1352 o.
636 1313 667 1374 p.
685 1303 756 1368 379
774 1288 836 1372 sqq.
892 1293 1105 1352 Conditorem
1125 1306 1158 1349 et
1175 1289 1229 1350 bic
1244 1289 1331 1351 facit

275 1390 416 1472 Ulyssem
434 1415 464 1475 p.
480 1401 564 1468 88⁰·
591 1392 754 1454 Strabonis
769 1395 954 1458 auctoritate
970 1407 1076 1455 motua
1091 1405 1125 1455 et
1139 1389 1233 1454 scribi
1246 1392 1330 1455 vult

275 1514 310 1578 p.
326 1503 411 1571 881.
431 1489 565 1586 Olisipo.

356 1696 485 1780 Tagi)
532 1695 586 1761 Sic
607 1697 719 1760 Graeci
741 1699 848 1761 etiam.
885 1699 935 1758 De
958 1697 1156 1782 etymologia
1184 1696 1330 1778 quidam

274 1798 438 1872 laborant,
465 1797 516 1860 sed
541 1798 657 1861 srullra.
713 1799 766 1860 Sic
789 1799 894 1880 Tagus
913 1820 968 1860 rex
990 1814 1220 1860 membratura
1238 1796 1328 1862 Silio

275 1903 346 1964 Ital.
369 1921 397 1972 t,
421 1911 501 1978 152.
523 1901 561 1961 ab
585 1902 644 1962 hnc
665 1902 797 1962 flumine
816 1919 996 1984 cognomen
1014 1899 1200 1962 adsumlilse.
1255 1897 1329 1960 sed

276 2016 401 2086 praeter
423 2000 576 2062 Berosum
600 2002 691 2061 illum
719 2001 773 2062 lib.
789 2012 822 2075 5.
845 2023 875 2082 p.
893 2023 936 2063 m.
955 2012 986 2078 8.
1012 2003 1081 2078 (ed.
1105 2003 1234 2078 ¹5¹²·)
1258 2001 1328 2061 Ta·

257 2124 365 2188 gum,
392 2104 509 2170 virum,
533 2099 680 2162 adserunt
698 2104 792 2162 etiam
810 2103 919 2186 Virgil.
936 2105 1013 2164 den.
1033 2121 1066 2181 9,
1083 2111 1168 2184 4¹8·
1198 2103 1327 2164 Lucan.

278 2217 311 2283 5,
330 2205 414 2280 586.
455 2203 478 2263 A
499 2202 691 2285 Carthagine
708 2201 872 2284 Hispaniae
889 2223 1008 2265 nornen
1025 2204 1210 2284 impositum
1230 2199 1327 2264 suillo

276 2305 370 2366 tradit
391 2303 501 2366 isidor.
520 2303 609 2385 Orig.
633 2318 687 2381 1¹5,
706 2319 765 2367 αι.
816 2305 958 2366 Certiora
988 2305 1081 2364 baec:
1109 2305 1222 2365 Oritur
1245 2321 1327 2364 cum

275 2407 345 2470 Aua
362 2407 393 2464 iu
410 2406 557 2466 orientali
574 2403 741 2486 Hispaniae
757 2421 852 2486 parte,
872 2425 911 2467 eo
926 2420 1048 2466 tantum
1066 2407 1265 2474 discrimine,
1287 2417 1327 2464 ut

275 2509 361 2570 Anae
375 2521 457 2567 recta
470 2509 503 2566 in
520 2507 684 2568 Oceanum
699 2519 899 2575 exoneretur,
927 2507 978 2566 bic
993 2505 1082 2568 sactis
1098 2507 1234 2567 flexibus
1253 2525 1328 2566 ver·

276 2607 326 2670 sue
344 2608 511 2670 meridiem
528 2609 682 2670 decurrat.
706 2607 839 2686 (Strabo
857 2621 890 2683 3.
906 2627 936 2687 p.
954 2611 1013 2686 96.
1028 2606 1047 2667 s.
1072 2603 1173 2691 139.)
1209 2607 1327 2668 Ptole·

276 2729 386 2771 maeua
403 2725 435 2778 Ω,
460 2721 492 2787 5.
510 2711 553 2770 in.
581 2729 619 2770 ex
644 2727 854 2768 numerorum
879 2709 1001 2770 ratione
1032 2705 1137 2770 sontea
1167 2709 1264 2789 ponit
1288 2708 1328 2770 in

279 2810 464 2892 Carpetania
488 2830 587 2890 prope
604 2809 798 2887 Celtiberos,
826 2809 882 2868 ubi
899 2807 969 2868 suut
984 2809 1076 2871 urben
1093 2809 1327 2891 Complutum,

277 2911 428 2980 Caracca,
450 2913 591 2989 (Arriaca
615 2911 697 2990 apud
719 2911 872 2972 Antonin.
890 2911 923 2968 iu
948 2912 1019 2972 itin.
1036 2931 1108 2995 pag.
1129 2913 1238 2992 436.)
1270 2910 1328 2972 sed

276 3032 350 3076 cum
372 3013 469 3073 hodie
491 3012 577 3090 (vid.
593 3009 764 3093 Biisching.
779 3031 811 3092 p.
827 3029 872 3071 m.
888 3011 943 3088 6.)
967 3012 1001 3070 in
1023 3014 1186 3092 provincia
1209 3009 1329 3094 Hispa·

276 3118 347 3178 uiae
359 3113 576 3175 Eslremadura
593 3113 720 3180 oriatur,
738 3130 811 3170 cum
827 3109 932 3172 sontes
949 3113 1191 3173 liuedubiosiut
1206 3113 1327 3183 iidem,

276 3219 412 3279 ulterius
429 3213 508 3274 iusto
524 3211 627 3294 posuit
642 3212 854 3273 Ptolemaeus.
891 3209 1002 3274 Strabo
1021 3229 1054 3275 o.
1068 3235 1100 3294 p.
1114 3227 1173 3291 73.
1192 3210 1212 3275 s.
1235 3229 1326 3288 ¹⁰7·

275 3321 412 3400 amplius
433 3335 525 3378 tuot>
544 3313 646 3374 stadiis
668 3332 683 3372 a
705 3313 874 3389 Pyrenaeis
890 3311 1041 3382 semovet,
1069 3313 1156 3375 unde
1177 3315 1327 3397 graviter

276 3423 418 3503 increpat
435 3414 625 3494 Polybium,
651 3412 703 3492 qui
720 3432 736 3470 a
752 3409 895 3474 sontibua
914 3415 950 3473 ad
969 3413 1043 3474 ostia
1060 3413 1161 3474 cursui
1178 3435 1217 3475 ex
1232 3431 1327 3477 recta

276 3523 360 3583 linea
378 3517 544 3598 subputato
561 3517 657 3577 6000
676 3511 734 3586 (fic
750 3513 844 3574 codd.
860 3531 917 3592 pro
936 3519 1054 3591 8000)
1072 3515 1165 3576 sladia
1187 3516 1325 3590 tribuat,

277 3635 389 3703 quota
406 3617 575 3695 Pyrenaeis
597 3613 636 3674 ad
659 3611 828 3672 occiduunt
851 3613 930 3674 latua
953 3613 1137 3696 Hispaniam
1158 3617 1331 3682 extendit.-

276 3722 348 3786 Alio
365 3735 471 3780 tamen
489 3719 561 3778 loco
577 3711 689 3776 Strabo
711 3710 767 3794 (3.
786 3731 817 3794 p.
840 3723 917 3788 105.
935 3711 955 3774 s.
978 3712 1080 3796 152.)
1098 3735 1175 3777 eum
1189 3737 1230 3778 ex
1247 3717 1326 3779 Cel.

279 3822 388 3885 tiberis
404 3819 533 3879 deducit
547 3834 602 3896 per
616 3815 769 3876 Vettones
783 3826 816 3873 et
832 3812 1035 3894 Carpetanos.
1069 3817 1160 3878 Idem
1178 3819 1224 3877 ibi
1238 3819 1325 3880 effu·

279 3923 380 3986 stonea
395 3921 462 3982 eiua
478 3915 640 3986 describit,
664 3933 801 3994 eumque
818 3911 951 3996 piscibua
966 3914 1136 3997 ostreisque
1153 3917 1324 3983 abundare

278 4013 387 4088 addit.¹
430 4019 493 4080 Sed
515 4017 617 4078 maiua
638 4014 695 4085 ess,
728 4015 813 4096 quod
836 4013 946 4076 Noster
973 4018 1150 4097 praedicat,
1177 4042 1325 4100 gemmas

277 4141 450 4210 aurumque
470 4137 628 4204 generare.
665 4117 716 4181 De
732 4135 806 4181 auro
823 4115 955 4198 quidem
971 4131 1121 4182 veterum
1141 4121 1240 4184 multi
1260 4135 1324 4187 tra·
