2650 4896
159 423 213 482 ru
239 423 377 482 roret.
403 423 510 482 saar.
551 423 661 483 cm.
703 425 825 492 cru.
865 425 944 498 ec.
1007 437 1068 506 η.

32 599 215 681 maiorique
234 597 289 660 hic
310 597 373 662 isle
393 597 510 684 dignus
525 597 584 670 eil,
618 600 653 660 ln
674 597 787 680 primia
801 617 875 660 cum
897 602 1008 662 omnia
1030 599 1071 662 lic

32 700 114 762 bene
134 699 343 768 cohaereant.
367 718 448 781 quae
466 699 500 761 in
517 701 557 762 iis
571 700 648 764 locis
662 693 754 784 geffit
767 699 944 762 Alexander
960 699 1009 765 M.
1033 713 1071 763 ut

8 785 143 863 'timuit
162 802 245 864 clare
266 799 465 864 Freinshem.
488 801 527 863 ad
543 801 633 864 Curt.
650 821 677 864 c.
693 800 715 862 1.
767 800 866 864 Addit
888 801 1009 866 arrian.
1034 803 1069 866 in

33 903 101 964 lud.
118 921 151 966 c.
169 915 204 982 3.
221 901 419 982 Hydraotem
435 913 468 963 et
483 901 657 985 Hyphrlio.
678 919 757 982 quos
772 901 911 984 recipiat.
947 902 1068 987 Magno

30 1015 140 1065 autem
154 1022 260 1066 errore
277 1001 409 1088 Gangen
429 1001 468 1064 ab
488 1021 528 1064 eo
540 1004 645 1088 augeri
662 1002 755 1064 tradit
770 1002 860 1066 Curt.
877 1015 910 1082 ss.
923 987 961 1084 Δ9.
976 1016 1010 1082 8.
1036 1017 1070 1068 et

31 1103 68 1164 lic
83 1104 187 1166 etiam
203 1101 307 1166 lecum
321 1115 451 1188 pugnat.
481 1103 660 1188 Neomagia
676 1102 1067 1186 beneOrolins3.19.m.

28 1205 251 1268 Alexandrum
277 1203 326 1266 Μ.
359 1223 416 1287 per
442 1203 605 1267 Acelinem
632 1207 666 1265 in
698 1203 864 1267 Oceanum
894 1207 1068 1270 devectum

27 1304 86 1367 elle
106 1318 228 1369 narrat.
281 1303 440 1388 Magnum
462 1301 498 1368 ll.
518 1301 607 1368 inille
626 1305 812 1390 intelligitur
827 1325 867 1368 ex
885 1307 1017 1370 Arriano
1031 1319 1066 1385 5.

27 1417 61 1484 4.
78 1408 130 1468 in.
156 1408 192 1478 6,
212 1421 245 1486 3.
270 1405 347 1469 Nilo
368 1406 448 1467 arleo
464 1419 497 1468 et
513 1406 589 1468 lllro
607 1409 758 1469 maiorem
775 1407 810 1469 in
826 1407 929 1470 indic.
945 1427 1013 1492 cap.
1031 1423 1065 1486 3.

28 1521 61 1568 et
77 1509 234 1590 rapidum
249 1519 282 1585 5.
298 1524 357 1571 9ο.
383 1508 422 1568 ln
441 1505 599 1570 hodierno
614 1511 749 1570 nornine
763 1521 796 1571 et
812 1507 903 1570 curin
918 1511 1066 1572 variatur.

30 1607 266 1670 Tieffenthaler
282 1607 353 1670 Vol.
375 1625 405 1669 t.
427 1626 460 1690 p.
481 1609 537 1671 16.
556 1608 596 1670 stc
610 1609 787 1672 conllituit:
815 1607 982 1698 Hyphnsts
1001 1611 1067 1672 Set·

28 1709 89 1780 taz,
115 1707 415 1790 HydraotesBehn
438 1705 582 1800 defines
595 1710 689 1780 llari.
709 1701 880 1800 Hydaspes
894 1709 1064 1774 Tlcltinab.

27 1809 206 1872 D'Anville
227 1829 299 1894 peg.
315 1823 374 1889 23.
391 1807 447 1869 lice
470 1805 615 1900 Acestnes
629 1811 741 1882 Revei,
765 1809 953 1892 Hydrootes
972 1811 1068 1884 Bith,

27 1907 201 2000 Hyphasss
223 1909 313 1972 Caul.
363 1909 490 1972 Rennel
510 1911 704 1982 adcuratius.
730 1909 834 1972 tabula
855 1910 1066 1996 geographica

27 2012 210 2072 incolarum
228 2009 379 2080 adhibita,
405 2009 453 2082 irc,
477 2011 553 2074 inde
575 2011 720 2074 afirrillre
737 2011 811 2074 lndi
831 2011 897 2094 ripa
920 2011 1065 2076 exorlua:

26 2102 208 2202 Hydaspes
229 2111 330 2174 Behat
346 2109 366 2173 l.
384 2110 538 2182 Chelum,
563 2109 706 2203 Acestnes
720 2112 840 2175 lenaub
855 2110 877 2176 l.
893 2111 1065 2184 Ohunaub.

29 2212 138 2293 (quod
154 2211 268 2294 probat
280 2212 430 2274 Mannert
443 2213 477 2272 in
494 2212 610 2298 Geogr.
625 2213 664 2276 P.
679 2224 712 2291 5.
728 2234 760 2297 p.
777 2215 858 2290 79.)
881 2212 1066 2296 Hydrcotes

28 2312 178 2384 stanvee,
202 2308 367 2403 Hyplrnsss
381 2313 506 2398 Setlege
521 2311 542 2376 l.
557 2313 716 2378 Suttuluz.
754 2315 815 2376 Alii
832 2313 986 2398 h.Beyelt
1004 2315 1065 2377 ell'e

28 2413 162 2476 volunt.
199 2413 292 2497 Quae
304 2433 343 2476 ex
352 2413 537 2478 Ptolemaeo
553 2415 775 2477 accommodet
790 2415 949 2478 sl’Anville
961 2437 994 2498 p.
1004 2429 1064 2496 23.

28 2533 104 2576 corn
125 2514 240 2576 ordine
260 2529 294 2576 et
317 2515 495 2578 narratione
516 2515 651 2578 aliorum
675 2535 741 2579 non
764 2516 847 2578 bene
867 2530 1066 2602 congruunt;

27 2613 216 2676 &sadran
231 2617 319 2677 enim
336 2627 427 2699 putat
441 2614 501 2677 elle
513 2612 673 2707 Acestnen.
698 2619 740 2679 At
754 2611 920 2706 Hyphststs
934 2617 977 2680 eil
992 2631 1066 2681 ante

29 2716 204 2776 Zeradrum
221 2714 328 2778 verius
342 2717 476 2785 ludum,
501 2735 599 2798 quem
622 2731 727 2780 tamen
748 2718 935 2781 ulteriorem
952 2736 1066 2782 omnes

29 2814 165 2880 iaciunt.
199 2817 347 2880 Attamen
363 2811 523 2898 Hydaspes
536 2819 570 2878 in
586 2837 663 2880 eum
677 2819 829 2892 excurrit,
850 2837 944 2900 quare
959 2820 1065 2884 Ptole·

26 2937 140 2980 maeus
154 2915 194 2978 ab
207 2917 276 2980 aliia
289 2919 410 2980 recedit
425 2929 459 2980 et
475 2916 592 2982 turbet.

92 3111 344 3210 Hydaspes)
378 3114 543 3209 Ὑδάσπης
560 3121 697 3194 Graecis,
719 3140 858 3206 proquo
875 3121 909 3183 in
923 3121 1062 3190 Ptolem

30 3235 66 3295 7,
89 3239 120 3282 r.
141 3235 289 3302 corrupte
308 3214 490 3307 Βιδοὶσπης.
536 3220 666 3285 Clarum
690 3219 790 3302 (forte
813 3223 912 3285 etiam
932 3235 1064 3305 propter

26 3333 142 3384 notam
158 3321 247 3384 Alex.
260 3321 306 3384 M.
322 3323 578 3406 navigationem)
597 3323 734 3386 fluvium
749 3339 843 3385 vocat
856 3322 940 3385 Plio.
951 3323 986 3394 6.
1004 3337 1063 3386 9ι.

28 3420 51 3484 l.
75 3438 131 3495 17.
155 3433 189 3482 et
209 3441 275 3484 non
298 3421 525 3506 ignobiliorem
541 3420 708 3514 Hypastn,
742 3443 837 3506 quem
859 3421 973 3486 Noster
993 3440 1063 3485 non

28 3522 156 3606 adtigit,
178 3521 231 3582 alii
244 3523 341 3584 etiam
357 3522 512 3606 Hypanin
529 3538 656 3598 vocant,
678 3537 715 3586 ut
731 3525 843 3588 Strabo
857 3537 890 3586 et
905 3527 938 3585 io
953 3523 1064 3586 Plinio

29 3641 58 3687 c.
83 3623 106 3686 l.
134 3622 271 3686 Codices
300 3625 450 3706 qnidam,
483 3639 520 3686 ut
551 3629 635 3707 apud
669 3625 817 3688 Martian.
845 3623 1006 3707 Capellam
1028 3624 1063 3687 6.

28 3743 102 3807 pag.
121 3737 206 3803 223.
228 3725 283 3785 ubi
300 3725 397 3787 Plinii
411 3723 508 3787 verba
523 3723 629 3790 refert.
663 3727 736 3791 Viri.
752 3725 907 3790 Harrluin.
924 3727 963 3788 ad
978 3723 1062 3788 Plin.

29 3843 60 3886 c.
76 3825 98 3888 l.
118 3837 151 3886 et
165 3829 309 3906 proxime
322 3839 423 3888 antea.
449 3825 499 3888 De
514 3826 663 3888 omnibus
679 3825 719 3889 iic
738 3845 762 3891 r.
780 3843 977 3888 onouovrve
985 3824 1063 3888 MS.

29 3925 129 4013 ,Hcs
152 3940 214 3988 tres
231 3927 439 4008 particulatim
464 3927 627 3998 nominat.
661 3928 734 4008 quia
754 3947 812 4010 per
825 3925 1064 4008 expeditionem

27 4027 119 4090 Alex.
136 4025 185 4087 Μ.
203 4041 291 4090 erant
310 4021 486 4100 simillimi,
517 4029 571 4108 qui
593 4029 632 4089 ad
655 4027 786 4114 Gangen
811 4046 877 4090 non
898 4027 1007 4097 venit.
1032 4040 1065 4089 et

27 4127 104 4192 ideo
126 4127 168 4192 de
190 4127 301 4196 fluviis
321 4130 359 4192 in
381 4127 475 4191 illum
498 4127 707 4192 influentibus
730 4130 857 4192 nullum
880 4129 1065 4193 nominat.“
