2748 4888
273 412 316 496 76
544 411 705 474 notra
746 413 1048 474 nxauarrcaa

273 590 383 653 alreoe
407 585 571 673 respexille
600 587 740 652 videtur.
786 587 837 652 Cl'.
862 590 961 653 etim
986 589 1109 673 Spener
1134 589 1169 652 in
1194 589 1340 654 uetiti·

274 691 384 755 Germ.
402 704 434 759 u.
453 705 484 759 a.
500 701 536 767 4.
551 708 583 771 p.
594 691 643 769 64
653 688 694 772 lq.
737 692 787 753 De
803 688 877 752 iolla
892 693 984 754 Drufi
996 706 1103 756 autern
1121 691 1162 755 ci.
1176 694 1338 756 Sueten.

273 794 308 855 ln
318 791 431 856 Claud.
447 794 492 853 in.
510 793 611 854 Tacit.
629 794 712 855 ann.
730 805 784 870 15,
799 805 857 872 53.
883 793 962 858 liiii.
973 806 1006 870 5,
1022 813 1076 875 ¹9·
1099 814 1138 858 ex
1154 795 1339 857 recentiu-

271 893 361 957 ribut
377 891 509 956 ciunt
525 894 559 954 in
576 893 684 956 Germ.
700 908 764 958 ant.
776 909 808 965 a,
824 907 882 973 51.
900 915 933 978 p.
943 897 1028 974 461.
1059 894 1172 958 Manio
1186 897 1332 978 Alting.

272 997 307 1058 in
324 1009 392 1058 not.
409 995 517 1062 Germ.
532 991 625 1058 infer.
639 995 676 1058 P.
694 1016 723 1058 1.
739 1016 770 1079 p.
781 1005 840 1078 54.
858 1010 892 1058 et
906 998 938 1057 in
954 998 1066 1079 primic
1080 1018 1111 1079 p.
1128 998 1187 1072 6¹7.
1216 999 1335 1059 a’an·

272 1099 349 1160 ville
370 1117 402 1179 p.
424 1109 494 1176 330
512 1095 554 1178 iq.
572 1115 599 1158 c.
615 1096 636 1158 l.
688 1091 767 1158 Earn
790 1111 897 1159 eutem
923 1096 1064 1160 iollama
1086 1100 1225 1183 Virgilio
1252 1116 1333 1161 non

270 1197 407 1283 puluille
420 1198 682 1269 commemorari,
708 1211 893 1281 temporum
908 1202 987 1260 ratio
1004 1201 1115 1271 docet.
1140 1221 1215 1261 curn
1238 1197 1332 1260 fact·

272 1298 463 1362 fitaDruio
483 1319 509 1363 a.
526 1320 559 1363 u.
577 1309 661 1382 745.
696 1301 773 1362 <lum
798 1297 853 1362 iub
880 1302 1022 1386 Augusto
1048 1303 1161 1364 vitrico
1186 1301 1242 1362 ibi
1274 1319 1332 1362 rea

270 1401 412 1488 gerebat.
447 1399 497 1464 Cf.
510 1401 613 1464 Tacit.
628 1405 713 1464 Anu.
730 1424 742 1462 ι
751 1415 783 1482 5,
796 1415 853 1483 55.
874 1415 907 1466 et
927 1422 1006 1486 quae
1021 1401 1066 1464 ibi
1083 1417 1196 1466 notant
1211 1404 1329 1464 inter·

269 1519 385 1588 pretet.
432 1502 516 1565 Cum
539 1504 640 1588 igitur
658 1519 748 1566 antea
767 1503 843 1565 ellet
865 1501 1016 1576 br'curnis,
1048 1503 1148 1568 iactue
1167 1506 1251 1568 inde
1277 1501 1329 1566 est

269 1606 426 1668 trinomia.
474 1605 558 1666 ilinc
573 1619 605 1666 at
624 1605 727 1686 postea
742 1606 794 1666 alii
810 1607 867 1667 tria
883 1605 957 1668 ollii
971 1621 1250 1677 commemorent,
1283 1619 1326 1666 ut

268 1706 351 1770 Plin.
366 1717 400 1784 4.
420 1722 478 1786 29.
497 1704 517 1768 i.
541 1719 595 1784 ¹5·
616 1707 756 1777 flevum,
777 1705 913 1778 Helium,
939 1709 1024 1788 quud
1044 1707 1173 1771 videtur
1188 1707 1257 1769 elie
1280 1725 1323 1768 os

267 1798 449 1898 immensum
469 1809 574 1870 Taciti
590 1803 703 1873 annal.
723 1824 754 1880 a,
770 1808 804 1871 6.
823 1820 856 1869 et
871 1807 1020 1890 medium,
1046 1809 1134 1890 quud
1149 1810 1190 1872 ‹le
1210 1809 1321 1870 alveo

265 1911 418 1994 explicat,
452 1911 506 1992 qui
531 1910 639 1972 llheni
665 1906 924 1979 numenium,
958 1923 990 1970 et
1011 1925 1028 1971 a
1052 1909 1167 1974 Nultru
1188 1909 1321 1972 linister

266 2011 378 2074 alveua
395 2023 536 2074 vocatur.
588 2012 687 2094 Quod
702 2011 1001 2074 Pliniue·muciienm
1016 2011 1139 2074 alveum
1156 2013 1247 2082 dicit,
1279 2023 1319 2072 et

265 2113 395 2174 Tacitus
410 2131 438 2174 c.
456 2113 476 2174 l.
495 2112 540 2172 illi
556 2125 588 2174 et
604 2132 715 2174 nomen
737 2113 844 2174 Rheni
866 2127 898 2174 et
918 2112 1100 2174 violentiam
1124 2103 1232 2200 cursus
1257 2111 1318 2174 tri·

266 2210 355 2284 buit,
380 2232 419 2274 ex
440 2223 622 2293 temporum
642 2215 810 2276 intervallo
828 2215 959 2274 indicari
977 2213 1088 2284 debet.
1114 2233 1195 2296 quea
1212 2231 1316 2298 agge·

265 2333 338 2376 rum
362 2313 626 2378 exstructionibus
649 2329 683 2376 et
703 2315 968 2377 demolitionibuu
993 2314 1086 2377 alveo
1107 2317 1314 2377 mutationes

263 2415 458 2479 adtulerunt.
499 2413 549 2479 ef.
568 2416 699 2479 Cluver.
722 2418 756 2478 in
780 2414 889 2479 Germ.
912 2430 976 2478 ent.
997 2430 1029 2486 a.
1046 2429 1105 2494 31.
1124 2436 1195 2501 pag.
1213 2413 1309 2495 462.

265 2518 422 2580 ‹l'Anville
438 2537 465 2580 c.
481 2517 502 2580 l.
539 2518 614 2580 Tria
630 2519 726 2579 etiam
747 2516 821 2579 uilia
842 2516 979 2580 accenset
994 2517 1195 2580 Ptolemaeus
1213 2531 1246 2598 3,
1275 2541 1309 2582 ι.

264 2612 436 2706 δυσμικὸν,
469 2614 565 2708 μέσον
590 2633 624 2682 et
649 2613 854 2684 ἂνατολικόν.
905 2620 1003 2702 Quod
1033 2619 1094 2682 lul.
1122 2616 1233 2682 Ceasar
1260 2621 1309 2682 de

263 2720 302 2782 B.
320 2720 358 2782 G.
374 2731 409 2800 4.
431 2739 485 2783 ru.
513 2721 656 2782 Rhenum
688 2721 722 2781 in
747 2720 851 2802 pierres
873 2733 983 2800 partes
1006 2711 1156 2809 diffluere
1180 2719 1305 2792 scribit,

263 2820 373 2907 inultis
394 2819 632 2905 ingentibusque
652 2808 765 2912 infiatis
785 2815 927 2910 effectis,
954 2821 1106 2884 Cellariur
1126 2823 1160 2883 in
1177 2822 1306 2907 Geogr.

219 2919 220 2924 ’
261 2937 326 2985 ant.
354 2937 386 2990 a.
412 2935 443 3001 3,
468 2935 501 3002 5.
529 2944 604 2986 cum
636 2923 782 2985 Pontano
809 2923 846 2983 in
876 2923 1098 3004 disceptation.
1125 2922 1167 2984 de
1188 2922 1307 2986 libeni

261 3025 410 3087 divortiis
429 3037 460 3102 3.
482 3045 553 3112 pag.
575 3035 628 3105 ι4.
648 3024 684 3084 ad
701 3025 789 3085 rivus
803 3036 837 3084 et
858 3024 951 3084 elices
973 3020 1079 3089 refert.
1125 3021 1306 3087 Ciaetiem

260 3127 302 3189 de
325 3125 433 3187 llheni
459 3126 548 3187 eursu
578 3141 612 3188 et
638 3125 784 3187 divortiis
815 3123 927 3185 lunius
953 3125 985 3183 in
1011 3124 1141 3185 Batavia
1168 3143 1235 3207 cap.
1261 3136 1302 3203 8.

259 3248 292 3310 p.
311 3238 356 3307 53
373 3225 435 3308 qu.
467 3241 499 3290 et
524 3227 692 3289 recentiori
717 3237 817 3287 aetate
845 3223 1029 3287 Volkmann
1055 3223 1170 3288 ilelian
1193 3225 1303 3289 durch

259 3331 313 3393 an
334 3308 532 3414 vereinigten
557 3327 771 3390 Niederlande
791 3346 822 3408 p.
839 3326 899 3390 26.

329 3521 400 3624 sni
414 3518 604 3621 similis)
653 3527 795 3614 Pergam
825 3545 892 3591 unu
915 3528 1027 3603 alveo,
1060 3541 1098 3591 ut
1121 3527 1295 3613 inceperat.

258 3652 283 3698 1.
303 3650 495 3696 ununovrve
512 3630 586 3694 MS.
609 3651 639 3692 1.

333 3853 386 3895 ca
402 3855 432 3895 m
445 3832 556 3916 pos)
606 3821 701 3895 Haud
729 3830 827 3896 dubie
858 3832 955 3896 nullia
983 3831 1150 3918 aggeribue
1177 3831 1293 3916 septos.

256 3945 295 3998 ut
327 3934 360 3995 in
396 3953 452 3998 eos
484 3934 559 4002 eliet
593 3934 690 4000 reliui
725 3933 806 3999 liber
843 3936 1005 4000 introitur.
1056 3953 1125 4000 rac.
1157 3953 1290 4000 cnoru-

255 4055 333 4101 νινε
355 4036 464 4102 Ma..
