2746 4894
206 385 425 446 rurour.
454 386 562 444 unu.
603 382 717 446 nur.
759 389 851 450 aa
894 395 973 467 §.a
1056 400 1122 469 4⁰7

71 560 133 624 dae
149 559 227 624 duae
242 561 302 625 elie
317 558 530 644 Hesperidum
549 559 683 635 insolata
712 573 853 626 cesenam
872 565 982 627 omnia
997 563 1118 630 incerta

70 663 139 726 eise
158 666 238 725 circa
252 663 329 727 haec
343 664 423 727 loca.
451 663 628 726 Martianus
645 663 772 746 Capella
786 661 820 730 6.
842 685 873 748 p.
893 669 977 731 996.
1000 667 1116 732 eodem

73 763 141 826 situ
165 767 198 827 in
217 767 334 827 intimo
356 765 532 827 admodum
555 767 634 828 mari
657 769 761 848 ponit.
805 769 919 832 Avien.
938 772 973 830 in
992 771 1113 854 perieg.

74 877 169 947 738,
196 869 332 944 Propter
359 866 525 930 Atlorrtoet‘
556 881 678 948 tergum
699 859 783 960 salis
810 871 1002 951 Aethiopum
1036 893 1115 953 gens

69 961 273 1059 Hesperides
291 967 428 1030 habitu.
464 967 712 1033 Ci.Hesrod.in
728 971 899 1055 Theogon.
918 985 1003 1051 513.
1044 971 1114 1054 Ipse

67 1069 253 1151 Dionysius
274 1092 307 1132 v.
326 1073 411 1152 563.
438 1068 638 1134 Caffiteridee
660 1073 703 1135 ita
730 1093 841 1135 vocare
865 1075 1009 1145 videtur,
1040 1075 1115 1155 quia

71 1171 160 1234 dicit
177 1168 358 1260 Ἑσπερίδες
390 1166 466 1238 τόθι
497 1169 698 1261 κασσιτέροιο
729 1169 884 1261 γενέθλη,
919 1175 976 1236 ubi
1010 1175 1117 1238 Eusta-

70 1274 168 1338 thine
190 1295 232 1338 ιο
250 1288 397 1338 numerat
419 1289 452 1338 et
468 1275 724 1339 Melanchlaenoe
746 1277 863 1338 incolae
888 1275 974 1340 iacit.
1014 1277 1115 1338 Plinii

69 1385 186 1438 tamen
200 1377 336 1439 narratio
350 1377 495 1460 proxime
510 1375 584 1457 iacit
596 1379 633 1440 ad
649 1376 836 1441 sententiam
848 1379 961 1442 Melae.
990 1377 1115 1463 Quodsi

50 1479 167 1552 ¹apim
192 1477 300 1541 cursua
321 1479 417 1540 unius
439 1479 503 1541 diei
526 1494 658 1561 putetur
679 1478 744 1543 sere
766 1477 865 1543 iacere
883 1481 918 1540 M
936 1481 1046 1552 stadia,
1079 1492 1114 1542 et

71 1580 167 1660 quod
193 1581 333 1651 excedit,
366 1599 444 1664 quae
472 1578 545 1642 saint
571 1583 703 1644 miliaria
732 1583 918 1645 Germanica
942 1597 999 1662 31.
1029 1579 1110 1643 infra

15 1735 19 1742 .
72 1670 321 1744 Atlantem‘non
337 1680 437 1745 solum
451 1685 564 1754 iacent,
591 1685 714 1765 qualem
726 1685 809 1746 Mela
826 1704 899 1747 cum
914 1685 1112 1754 Ptolemaeo,

72 1779 116 1845 sc.
127 1785 292 1854 maiorem,
308 1786 342 1846 in
356 1785 419 1846 hoc
434 1798 532 1846 tractu
542 1783 655 1858 statuit,
673 1785 723 1849 sed
739 1800 771 1848 et
786 1788 903 1849 rectius
917 1787 956 1848 ad
971 1784 1111 1848 exustam

73 1901 166 1946 oram
188 1887 421 1958 admoventur,
451 1907 548 1968 quam
568 1887 646 1950 ultra
666 1887 864 1972 Aethiopum
886 1889 1039 1950 terminon
1058 1905 1111 1970 ex·

36 1999 48 2024 ²
72 1988 183 2048 tendit
207 1986 330 2053 Noster.
380 1988 521 2051 Adiuvat
546 1991 641 2050 etiam
662 2009 795 2062 nomen,
821 1989 907 2072 qnod
923 1990 987 2053 fine
1008 1987 1110 2051 dubio

72 2089 221 2170 primurn
245 2087 429 2172 impolitum
450 2089 493 2152 eii
514 2091 553 2152 ab
575 2091 786 2174 Aethiopibus
806 2090 964 2174 Hesperiis
984 2091 1110 2160 vicinia,

73 2201 110 2252 et
132 2189 155 2250 fi
177 2210 253 2253 vere
276 2189 423 2263 suerunt,
457 2194 655 2273 quaerendae
677 2191 749 2254 sunt
768 2214 807 2256 ex
826 2193 1000 2256 Ptolemaei
1021 2205 1111 2254 nota·

75 2292 169 2354 tione
191 2311 294 2377 prope
312 2292 426 2357 insulae
448 2295 648 2366 Fortunatae,
682 2296 763 2357 ultra
780 2314 855 2377 quae
869 2309 976 2358 tamen
990 2291 1113 2376 profert

75 2393 161 2458 Plin.
172 2395 205 2466 6,
223 2409 281 2474 37.
297 2391 318 2458 s.
331 2409 388 2472 32.
425 2395 533 2458 Hodie
549 2416 637 2468 vero,
661 2397 681 2456 st
697 2395 839 2481 Hesperu
856 2417 938 2460 cerae
955 2397 998 2461 etl
1017 2395 1111 2474 capo

73 2495 178 2566 verde,
195 2499 389 2578 quaerendae
406 2497 580 2561 miliaribue
595 2499 792 2562 Germanicia
808 2513 866 2581 3¹·
887 2499 1029 2562 ulterius.
1057 2497 1113 2560 Fa·
1131 2498 1144 2523 ⁸

75 2595 148 2658 bula
163 2600 238 2661 inde
247 2597 455 2681 Hesperidum
465 2600 658 2664 hortoecum
667 2603 773 2685 pomie
785 2603 888 2684 aureie
902 2601 1004 2671 finxit,
1016 2613 1050 2663 et
1058 2598 1113 2660 hic

75 2697 192 2784 posuit.
209 2701 501 2764 lnboctamensrtu
515 2722 581 2765 uon
592 2725 706 2766 omnes
717 2703 931 2767 sibiconstant.
950 2705 996 2766 lta
1012 2718 1112 2785 prope

78 2803 236 2866 Atlantem
250 2803 361 2889 virgil.
376 2805 454 2866 ten.
471 2812 504 2886 4,
520 2815 605 2883 481.
633 2807 689 2866 ubi
705 2807 838 2869 ultimua
852 2805 896 2868 est
911 2804 1111 2888 Aethiopum

79 2903 185 2976 locua,
216 2925 294 2984 quae
319 2905 413 2968 verba
434 2905 476 2966 ob
503 2903 658 2988 superiora
678 2909 805 2988 proprie
824 2907 961 2992 intelligi
981 2905 1110 2973 debent,

80 3003 202 3091 Hygia.
226 3005 286 3070 sab.
307 3021 365 3085 3ο.
380 3004 402 3070 s.
426 3009 555 3088 Servius
576 3007 709 3072 adden.
729 3018 764 3087 4,
781 3007 863 3091 946.
887 3021 920 3070 et
940 3007 1003 3078 alii,
1029 3022 1113 3089 quoa

79 3105 181 3170 adsert
204 3109 319 3188 Heyne
341 3111 378 3171 ad
408 3109 589 3194 Virgilium.
639 3109 764 3173 Plinius
789 3124 895 3172 tamen
927 3127 1040 3190 parum
1067 3103 1115 3167 sui

81 3228 215 3280 memor,
241 3221 273 3288 5,
294 3229 323 3274 ι.
344 3225 377 3272 et
398 3229 451 3290 19,
469 3225 526 3290 5e.
545 3210 564 3272 i.
582 3222 617 3288 4.
640 3230 741 3296 prope
765 3213 880 3273 Lixum
896 3209 953 3273 CC
975 3208 1047 3292 pali.
1072 3207 1112 3269 ab

83 3309 209 3374 Oceano
237 3311 397 3382 conlocat,
432 3314 581 3394 idemque
597 3323 630 3390 5,
654 3323 688 3390 5.
711 3311 730 3376 s.
747 3324 782 3396 4.
804 3315 837 3375 in
854 3311 1044 3393 Cyrenaica,
1075 3321 1113 3370 ut

83 3415 192 3493 Scylax
215 3435 286 3498 pag.
300 3415 349 3494 46
366 3413 408 3496 sq.
427 3413 527 3478 Hudl.
544 3428 576 3477 et
597 3416 661 3478 alii.
712 3415 779 3498 Qui
795 3435 880 3478 error
903 3426 998 3476 natue
1015 3411 1058 3474 es.
1072 3430 1112 3474 ex

83 3517 267 3600 cognomini
293 3513 372 3577 urbe
405 3517 598 3596 Cyrenaicae
623 3507 792 3609 Hesperie,
826 3516 880 3579 rel
909 3507 1111 3608 Hesperides,

84 3616 200 3702 (Melae
222 3639 251 3688 t,
269 3629 303 3696 8.
320 3635 353 3681 9.
369 3610 539 3709 Hesperia)
564 3619 634 3704 poll
651 3619 804 3691 Berenice,
829 3639 925 3700 quam
940 3619 1003 3679 buc
1017 3630 1113 3677 trane·

85 3720 241 3788 tulerunt,
266 3733 302 3782 ut
316 3721 459 3803 pluribue
474 3721 568 3782 docet
583 3719 709 3783 Salmas.
725 3722 759 3783 in
777 3723 904 3784 exercit.
922 3721 1006 3782 Plin.
1018 3737 1051 3800 p.
1068 3735 1115 3780 m.

88 3823 169 3904 264.
205 3822 320 3884 Fabula
342 3841 436 3905 porro
458 3842 498 3884 ex
512 3821 741 3907 Hesperidibue
754 3823 922 3906 Nymphae
939 3821 1039 3888 finxit,
1064 3817 1117 3879 iis·

86 3943 146 4006 que
162 3924 251 3988 dedit
271 3943 367 4008 poma
384 3943 506 3987 aureae
526 3925 663 3986 dracone
680 3924 850 3996 custodita,
884 3944 963 4006 quae
985 3920 1116 4004 quidem

87 4027 179 4090 multi
201 4041 331 4113 propter
347 4040 511 4110 utramque
528 4029 598 4090 rim
618 4025 709 4089 verbi
726 4022 819 4120 pilu
834 4027 874 4090 de
889 4025 1007 4089 ovibua
1021 4025 1118 4087 inter·
