2746 4894
138 419 191 477 ru
218 417 356 476 rome.
386 417 495 474 unt„
537 417 647 474 nm.
687 417 793 476 cur.
835 421 861 490 t.
888 437 966 481 ..e
1023 437 1088 502 505

45 595 201 677 quelque·
218 593 391 656 monnoiee
404 591 444 654 tie
460 589 523 666 ier;
550 593 630 655 maie
647 593 724 655 dane
739 594 786 657 iee
808 598 995 682 principales
1014 621 1087 685 pro·

45 698 158 760 vinoea
185 711 255 758 tout
278 696 306 755 le
330 713 510 757 commerce
538 694 567 756 se
591 693 646 772 fait
666 715 720 777 par
741 697 914 783 l'echarrge.
961 705 1024 766 Sed
1047 705 1087 766 ad

1 881 2 886 ἵ
44 818 120 860 enm
141 799 171 860 le
187 797 295 860 Grand
312 796 378 860 diii.
398 813 431 858 a.
450 818 481 878 p.
500 800 583 860 261.
603 809 704 870 notat,
727 814 854 862 montet
873 821 949 866 auro
964 803 1024 870 effe
1038 826 1087 874 re.

1 894 2 898 ’
44 901 160 984 pletoe‚
186 901 324 962 minime
342 912 448 960 tamen
469 899 660 984 investigari.
724 953 728 962 .

116 1125 170 1182 pn
171 1093 277 1196 ssim
287 1101 306 1184 )
354 1103 380 1166 1.
396 1123 424 1166 e.
445 1100 508 1164 iine
530 1101 653 1173 ordine,
678 1102 731 1164 hic
753 1103 811 1166 ibi.
852 1107 924 1172 Viti.
941 1107 1028 1172 Caes.
1044 1111 1086 1174 de

44 1204 81 1268 B.
100 1205 143 1268 G.
158 1216 194 1282 4.
218 1215 272 1283 14.
289 1217 322 1282 5.
349 1205 551 1266 Bunemann.
574 1205 613 1264 ad
636 1203 776 1267 Lactant.
801 1221 831 1284 5.
856 1225 890 1290 9,
914 1222 946 1287 5.
981 1212 1087 1296 Kapp.

45 1310 111 1370 ind.
133 1307 166 1369 h.
188 1329 219 1372 r.
242 1321 276 1368 et
295 1308 472 1370 Burmann.
489 1307 527 1368 ad
544 1306 679 1368 l'itaedr.
697 1319 731 1385 5,
753 1327 782 1379 r,
800 1323 833 1388 3.

212 1513 242 1588 ς.
272 1525 306 1572 a.
350 1501 495 1594 ἡλίου
527 1503 800 1597 τράπεζαν)
845 1511 893 1572 Ex
917 1513 1086 1580 Herodoto

48 1626 79 1690 3.
106 1623 164 1690 18.
195 1613 251 1692 qui
278 1609 403 1693 copiose
427 1610 583 1672 describit.
637 1611 765 1693 Nempe
790 1627 856 1674 erat
880 1611 913 1672 in
937 1613 1087 1680 suburbio

44 1729 171 1798 pratum
202 1715 352 1776 omnium
386 1713 629 1794 quadrupedum
662 1732 754 1774 carne
787 1713 843 1774 aiia
878 1712 1028 1776 refertum
1055 1731 1089 1782 et

45 1831 146 1880 nocua
162 1811 360 1896 adpositum,
387 1815 426 1875 ad
442 1816 527 1896 quod
546 1828 614 1876 orta
631 1815 701 1876 luce
720 1817 823 1877 cuivie
844 1821 991 1880 accedere
1013 1821 1087 1882 tiee-

45 1919 108 1980 bar.
145 1917 272 1978 Incolae
294 1910 505 2004 (ἐπιχώριοι)
528 1911 586 2000 τὴν
606 1917 665 2002 γῆν
687 1915 798 1978 ταῦτα
826 1913 1009 1982 ἀναδιδόναι
1034 1921 1088 1981 ed·

43 2017 225 2083 firmabant.
276 2018 450 2080 Diut'nt'tns
469 2018 565 2102 igitur
580 2017 633 2088 est,
659 2019 706 2078 uti
724 2019 807 2088 aliae,
834 2019 897 2081 stne
915 2021 1087 2084 hominum

45 2143 107 2204 ope
126 2136 158 2182 et
174 2119 359 2189 ministerio,
380 2119 413 2180 h.
428 2118 451 2182 1.
471 2140 511 2179 ex
531 2131 627 2182 terra.
671 2119 801 2182 Solinus
822 2140 889 2202 cap.
908 2135 967 2201 30.
987 2120 1007 2183 1.
1026 2137 1085 2203 33.

46 2223 84 2284 fic
109 2221 274 2305 cupressu:
317 2221 404 2282 locus
422 2255 475 2267 —
499 2222 643 2299 opiparis
668 2221 767 2301 epuiis
784 2211 909 2312 semper
938 2215 1086 2313 refertus,

45 2323 159 2409 quibus
174 2321 367 2384 indiscretim
388 2343 492 2386 omnes
507 2313 693 2414 pesenacum
718 2343 792 2382 nam
809 2335 839 2384 et
856 2323 1014 2384 divitritus
1031 2347 1087 2389 eas

45 2428 156 2508 augeri
169 2415 298 2514 fer-unt.
351 2423 554 2488 Mentionem
572 2427 642 2488 eine
665 2421 737 2484 facit
758 2426 853 2486 etiam
870 2423 1034 2488 Pausanias
1051 2429 1086 2490 6.

44 2542 124 2592 extr.
147 2539 181 2588 et
206 2528 276 2588 talia
293 2525 481 2610 Aethiopas,
508 2528 563 2608 qui
585 2523 673 2608 supra
688 2525 816 2606 Syenen
840 2525 927 2598 sunt,
954 2525 1088 2589 fabulari

44 2631 147 2694 edntr.
187 2627 373 2692 Herodotue
387 2642 493 2690 autern
511 2627 578 2710 post
593 2649 660 2710 cap.
679 2643 736 2707 23.
757 2631 897 2713 elegatis
913 2649 982 2690 earn
1000 2649 1089 2692 rnen·

46 2729 110 2794 hm
132 2728 332 2812 conspectam
348 2729 408 2792 effe
425 2733 479 2792 ait.
516 2729 719 2792 Herodotum
736 2731 868 2810 quidem
886 2729 1009 2792 excusat
1026 2733 1089 2792 Lu·

45 2831 119 2896 dots
129 2851 157 2896 o.
174 2832 196 2894 1.
213 2831 251 2894 ad
274 2849 418 2914 prooem.
443 2853 476 2894 n.
493 2845 526 2892 a.
548 2851 580 2912 p.
599 2843 655 2908 23.
682 2833 738 2912 qui
759 2832 917 2892 addiderit
941 2828 1087 2914 λέγεται,

45 2933 168 2998 Melam
185 2954 281 3005 vero,
307 2934 380 3015 quia
394 2933 573 3015 [impliciter
593 2929 723 2998 reserat.
750 2933 875 2994 incaute
896 2931 1039 3014 scripstiie
1055 2947 1089 2995 et

46 3037 151 3098 dicam
178 3037 292 3097 mereri
321 3033 517 3118 pronuntiat.
568 3032 636 3095 Cur
660 3051 738 3094 vero
768 3032 849 3093 Solis
874 3033 958 3095 dicta
982 3031 1087 3107 fuerit,

46 3135 136 3204 facile
151 3138 291 3220 adparet.
320 3136 375 3198 Sol
388 3137 487 3206 enim.
510 3149 546 3196 ut
560 3133 603 3196 eii
617 3133 699 3216 apud
714 3134 845 3195 Petron.
861 3153 927 3215 cap.
945 3154 1022 3202 roo.
1041 3137 1087 3199 in.

46 3236 190 3302 omnibus
207 3239 297 3306 lrtcet.
323 3251 354 3298 et
372 3239 547 3300 corrurrum'u
566 3235 636 3296 sunt
649 3237 717 3296 eine
733 3235 853 3296 lumina
876 3235 989 3312 (Orici.
1007 3235 1087 3300 Met.

52 3361 80 3410 r.
104 3344 202 3418 135.)
223 3354 255 3402 et
278 3353 437 3422 praeterea
459 3337 522 3421 ipse
541 3337 624 3402 Mela
645 3338 821 3398 narratione
839 3335 856 3398 1.
876 3337 1086 3418 explicatione

46 3443 154 3506 docet.
204 3443 276 3502 Huc
298 3440 532 3523 Campomanee
552 3443 586 3500 in
611 3438 797 3500 illustracion
822 3439 849 3499 al
873 3437 1022 3520 l'eripimr
1047 3441 1087 3502 de

47 3544 165 3606 Hanon
189 3563 261 3627 pag.
278 3555 336 3620 5⁰·
356 3541 451 3606 refert
468 3541 526 3604 stu
540 3529 697 3630 Kuslmsu.
720 3553 969 3601 monumentum
994 3539 1089 3602 [ancti

48 3645 158 3710 mauri
181 3645 329 3714 alicuine,
361 3643 400 3706 ab
424 3643 498 3706 cibo
530 3643 719 3704 Maurorum
749 3637 927 3704 [uariffimo
954 3643 1089 3713 dictam,

48 3751 103 3830 qui
120 3749 261 3810 viatoree
277 3746 322 3806 ibi
339 3747 443 3828 excipi
468 3746 672 3806 mandaverat
687 3743 885 3814 testamento,
910 3744 997 3824 quod
1012 3763 1089 3805 vero

49 3847 90 3910 ob
116 3847 363 3910 adventantium
393 3845 591 3930 frequentem
618 3845 745 3908 turbam
778 3863 854 3908 mort
881 3845 981 3905 denir.
1036 3841 1089 3908 (11.

48 3950 148 4012 Hoeii
171 3967 237 4013 von
257 3949 412 4013 Merokne
426 3970 459 4032 p.
476 3963 535 4028 97.
560 3947 608 4010 sed
626 3947 713 4030 quod
735 3946 929 4007 ad'noiirnm
954 3958 1090 4008 tractum

47 4049 156 4121 refert,
171 4065 263 4114 errat.
294 4052 376 4114 iliud
393 4052 481 4114 enirn
497 4061 746 4113 monumentum
762 4047 795 4106 in
815 4047 1011 4120 Mauretania
1027 4068 1091 4110 ma·

47 4155 157 4214 ritirna
174 4153 258 4215 inter
274 4154 407 4238 gradum
431 4149 611 4215 latitudinis
630 4163 675 4232 52
687 4183 733 4219 -,-
746 4161 804 4230 55.
824 4149 900 4218 hinc
915 4163 1090 4217 remotum.

95 4269 193 4344 Pomp.
204 4267 298 4325 Mela·
315 4269 433 4344 ἔσειμι.
448 4266 486 4324 1..
496 4267 550 4328 111·
770 4249 833 4314 Bb
