2748 4888
215 397 564 460 roronerrer.
604 397 715 458 nni
755 397 834 458 αι
875 402 955 476 ee
1069 413 1110 478 ιι

91 575 280 642 editioniboa.
313 579 424 644 Verior
442 578 476 640 id
492 595 529 640 ex
546 574 638 640 inicr.
653 575 735 662 epod
751 573 876 640 Gruter.
892 595 926 658 p.
939 586 1021 658 153.
1037 593 1110 660 pro·

91 678 149 742 bari
164 677 268 762 poffit.
293 681 348 744 ubi
370 683 431 743 itae
471 701 494 742 a
508 679 609 742 Baete
629 691 662 742 et
680 681 765 740 Iano
782 677 923 768 Augusto
944 677 990 740 ed
1012 677 1111 742 Ocea·

89 803 172 854 ιιιιιιι,·
206 783 284 845 item
308 781 349 846 ab
370 785 455 846 Iano
472 780 630 876 Augusto,
660 782 716 866 qai
737 777 841 871 estad
860 781 990 842 Baetem
1011 801 1111 866 mque

91 882 129 944 ai
144 883 306 950 Oceanum.
355 887 454 955 Aliae.
484 897 521 946 ut
537 883 649 946 Graeci
671 879 819 957 Βαίτιος.
842 879 975 955 Βαῖτιν.
1002 883 1109 946 Latini

91 985 173 1046 etiam
187 1001 217 1048 et
231 989 371 1052 Baetim.
392 988 486 1074 (Liv.
499 998 557 1065 28.
576 981 657 1070 30.)
687 984 769 1046 inde
784 983 918 1046 Baetica
934 975 1109 1076 Hispania,

91 1084 253 1150 Baeticoioe
273 1091 336 1151 viri
356 1090 441 1171 apud
464 1085 522 1152 Sit.
543 1089 612 1152 ital.
633 1107 663 1157 ι.
685 1083 765 1166 146.
818 1084 908 1148 Olim
932 1085 1109 1150 Tarteiium

93 1187 196 1250 dictam
209 1188 309 1262 iuiiie.
329 1203 481 1254 notarunt
497 1190 609 1252 Strabo
628 1201 661 1270 5.
679 1209 712 1272 p.
727 1185 845 1252 romi.
868 1198 947 1268 148.
976 1187 1108 1252 l'aoian.

94 1288 123 1358 6.
140 1307 185 1369 19.
202 1305 234 1370 3.
266 1293 407 1356 Eussath.
430 1293 469 1354 ad
490 1290 623 1372 Dionys.
645 1311 677 1353 v.
698 1302 783 1370 337.
805 1291 1008 1372 eundemque
1023 1290 1055 1352 h.
1075 1309 1109 1357 v.

93 1387 249 1478 intelligere
263 1392 485 1481 Stephanum.
512 1393 630 1457 dorent
644 1392 775 1455 adiecta.
816 1391 934 1454 incoli·
949 1393 1052 1454 dictur
1066 1391 1111 1456 est

94 1491 136 1552 vel
155 1497 255 1557 Perces
273 1495 333 1560 irc.
354 1497 555 1578 Stephanum
573 1495 594 1558 s.
618 1514 651 1558 v.
673 1491 810 1566 Βαῖτις.
842 1493 896 1555 vel
920 1491 1023 1556 Certis
1049 1493 1108 1560 [ee.

91 1591 150 1656 liv.
166 1607 220 1672 28.
239 1613 298 1662 aa.
314 1602 360 1662 in.
394 1598 450 1660 obi
467 1599 597 1681 quidem
623 1609 788 1680 tantopere
812 1595 1006 1657 fluctuantur
1023 1597 1110 1660 codi-

92 1711 146 1766 ιιι.
168 1711 203 1759 at
218 1700 299 1761 nihil
316 1701 392 1762 certi
408 1701 531 1762 definiri
554 1695 659 1782 poss'rt.
713 1697 748 1760 Si
765 1712 872 1760 tamen
888 1716 926 1759 ex
942 1697 1110 1780 Stephano

89 1798 273 1883 corrigentur
298 1803 429 1864 videtur
452 1803 582 1880 Livius,
616 1800 702 1882 quod
729 1797 886 1862 existimat
910 1797 1058 1862 Bocbart.
1075 1801 1110 1861 in

90 1895 218 1963 chanaan
234 1923 264 1974 ι,
283 1915 343 1984 54.
366 1902 561 1966 adsentiente
577 1902 616 1964 ed
634 1899 834 1984 Stephanum
851 1899 1014 1970 Berkelio‚
1038 1901 1111 1962 Per·

89 2017 128 2060 ees
141 2005 228 2064 etiam
250 2006 284 2066 in
303 2007 398 2068 Livio
414 2006 477 2090 legi
498 2003 605 2066 debet.
657 2005 791 2066 Derivat
810 2017 918 2065 autem
933 2001 1111 2066 Bochartna

90 2098 192 2164 nterea
207 2107 229 2168 i.
244 2125 273 2170 e.
291 2107 445 2192 stagnum,
464 2120 500 2168 nt
515 2095 666 2198 Pargasa,
682 2105 766 2169 laeua
781 2105 916 2168 Siciliae.
945 2101 996 2167 Gi.
1012 2105 1110 2168 etiam

89 2201 138 2262 riri
155 2207 235 2268 docti
257 2211 298 2270 ad
312 2209 385 2273 Liv.
402 2208 466 2271 c.l.
510 2207 655 2270 Oberlin.
675 2220 783 2268 tamen
805 2208 844 2269 ad
862 2206 992 2268 Vibium
1010 2206 1107 2290 Sequ.

89 2320 115 2382 p.
128 2303 176 2381 36.
192 2309 319 2394 sigonii
342 2311 573 2380 coniecturam.
604 2309 740 2380 Cimm,
766 2310 800 2372 in
818 2307 915 2372 Livio
933 2305 1110 2390 praeieran-

91 2401 149 2466 irm
162 2425 255 2490 potat,
278 2413 314 2482 fi,
335 2413 424 2495 quod
440 2411 560 2474 Mariua
575 2411 675 2495 Niger
690 2411 801 2480 tradat.
825 2429 938 2472 rerum
954 2410 1001 2479 fir.
1019 2407 1110 2472 Afro·

90 2523 148 2568 mm
160 2510 260 2597 lingua
277 2515 388 2576 Οἰνοίη
403 2513 526 2583 vocari.
553 2532 744 2595 quamquam
758 2510 917 2575 dubitatio
934 2512 1053 2574 oriatur
1070 2530 1110 2574 ex

90 2603 225 2675 hodierno
248 2615 384 2677 nomine
409 2613 648 2710 prradaiquivir
669 2615 690 2676 i.
709 2633 739 2678 e.
764 2611 855 2677 Varii
876 2612 910 2676 ai
932 2611 1039 2684 Kihir,
1070 2627 1111 2674 ιιι

89 2709 186 2774 inber
200 2731 365 2779 vocarunt.
399 2717 478 2778 Aliia
495 2714 593 2812 pund
605 2711 727 2778 Attettr
742 2717 763 2780 i.
779 2733 808 2778 e.
824 2715 944 2778 fluviae
963 2733 1108 2799 magnae.

89 2807 150 2876 vid.
162 2815 320 2882 lieiandur
339 2820 379 2880 de
399 2815 545 2881 Paradiio
562 2821 591 2896 §.
614 2827 668 2895 ιθ.
708 2817 821 2878 Baetir
839 2818 969 2898 quidam
984 2836 1023 2880 ex
1038 2816 1109 2878 Bel·

88 2911 144 2992 gira
155 2914 255 3002 lingue
268 2941 287 2981 a
301 2920 386 2982 Boet
404 2921 425 2982 i.
441 2940 470 2982 e.
488 2921 607 2982 utilitas
624 2919 789 2988 derivant.
815 2937 894 3001 quoe
918 2937 1016 2981 vanae
1038 2916 1110 2980 funt

88 3019 218 3098 argutiae.
270 3023 321 3083 De
338 3022 463 3106 origine
479 3019 592 3082 Noster
608 3019 662 3082 iret
686 3041 727 3082 err
746 3015 971 3106 Tarraconensi
987 3020 1110 3100 regione

89 3109 225 3206 imiffus.
243 3123 329 3205 quod
347 3123 488 3206 pertinet
505 3123 544 3185 ad
558 3138 707 3184 montem
724 3107 921 3212 orospedam
937 3119 958 3182 f.
979 3111 1109 3209 Orespe·

88 3210 160 3288 ‘iim’
178 3224 308 3299 (Strabo
324 3239 356 3304 3.
372 3244 406 3307 p.
427 3239 507 3288 112.
523 3221 543 3286 i.
566 3225 667 3301 162.)
692 3223 746 3304 qui
767 3225 800 3284 in
815 3223 1003 3284 Ptolemaeo
1024 3238 1054 3292 a,
1073 3221 1108 3286 6.

88 3331 201 3382 voratur
214 3316 404 3417 Ortospedr‚
427 3326 462 3389 h.
477 3326 580 3388 διέιτιι
596 3323 633 3389 V
630 3327 771 3405 ermigia,
795 3338 831 3385 ut
847 3324 894 3386 ibi
909 3323 1035 3386 Berriua
1054 3323 1107 3386 ad·

90 3413 196 3502 scripte
229 3427 300 3490 eno
317 3441 424 3490 omen
441 3428 513 3489 10⁶0
534 3427 620 3488 irem
639 3427 751 3488 strabo
769 3439 801 3506 3.
824 3447 857 3510 p.
880 3439 960 3488 202.
978 3423 1000 3489 ι.
1024 3435 1107 3507 ¹48·

89 3535 231 3590 ermonte
248 3530 411 3614 Argenteo
426 3546 527 3612 prope
543 3528 745 3592 Castulonem
760 3545 837 3589 eum
855 3527 1002 3598 deducit,
1030 3545 1106 3592 cum

88 3637 140 3699 (11¹⁰
157 3627 306 3692 consentit
326 3630 506 3712 Stephanut
521 3628 543 3695 i,
562 3651 595 3694 v.
617 3623 820 3718 Trprryooo'5.
861 3625 913 3691 Ci.
938 3629 1053 3694 Avien.
1071 3631 1106 3694 in

88 3737 131 3783 ort
144 3745 173 3791 v.
187 3744 251 3810 291
266 3729 329 3814 iqq.
371 3735 411 3793 Δι
427 3732 574 3794 Bochart.
588 3733 620 3793 in
632 3731 783 3793 Chanaan
804 3751 832 3802 ι.
849 3739 909 3808 34.
926 3723 998 3817 ὅρος
1014 3727 1105 3796 ntia

90 3819 159 3886 iiem
171 3829 226 3892 effe
240 3833 419 3902 contendit.
444 3833 530 3915 quod
546 3825 620 3922 iper
633 3829 822 3921 ’Appopoim
842 3829 981 3895 arceffita
998 3835 1105 3897 Arabi·

91 3937 131 3986 tte
142 3929 259 4016 linguae
276 3954 354 4018 ope.
381 3937 416 3995 in
436 3955 496 4017 qua
516 3933 600 4013 phut
618 3935 661 3996 est
674 3947 859 4017 argentum,
886 3939 1009 3999 reniae
1022 3933 1105 4000 iodi-

91 4025 130 4086 ιιὶι
140 4050 248 4096 nomen
263 4035 449 4118 impolitum
465 4034 553 4097 iuiffe
566 4033 679 4100 Strabo
694 4037 848 4100 adfirmat.
876 4037 984 4100 Hodie
997 4059 1103 4114 mona.

89 4127 160 4194 onte
177 4133 262 4211 fluit,
288 4137 404 4201 dieitur
425 4139 556 4222 Sagara.
592 4137 751 4220 Polybio·
765 4137 841 4203 testo
861 4138 1016 4204 Strabone
1033 4161 1060 4208 c.
1078 4143 1102 4210 Ι.
