2746 4894
205 415 259 477 ttt
284 356 423 479 rottei
449 416 556 476 MEL·
596 413 707 474 Lm.
750 415 856 476 um
897 415 977 488 §.r-
1046 424 1114 496 579

68 589 186 656 fletur.
223 590 275 652 De
300 587 427 676 duplici
446 585 627 675 Aethiopia
650 588 870 655 consulendus
894 589 938 654 est
959 585 1116 656 Peteviue

69 693 111 759 ad
126 689 358 776 Epiphaniam
379 715 412 778 p.
432 707 515 774 371.
547 692 693 756 Eustath.
716 693 758 755 ad
779 692 886 772 odyn.
908 715 938 765 1,
960 707 1015 770 93.
1038 709 1116 776 peg.

75 809 132 871 13.
149 791 201 858 in.
222 791 366 858 maxime
382 795 424 857 de
436 791 613 878 Aegyptiia
633 789 766 858 vicinis.
805 791 891 857 Satia
906 813 987 858 vero
1004 795 1118 856 velex

71 897 236 960 Strabone
269 892 423 970 discitur,
465 917 565 983 quam
594 893 704 958 varim
733 893 893 960 terminos
915 891 1119 980 Aethiopiae

69 993 263 1070 statuerint,
302 1017 468 1084 quamque
502 1000 567 1061 late
601 993 812 1060 extenderint
842 1013 990 1070 vetetur,
1024 999 1120 1060 velut

71 1100 240 1183 Ephorus,
264 1097 322 1186 qui
339 1115 443 1162 totam
456 1095 710 1163 meridionalem
723 1101 853 1183 plagam
866 1095 933 1162 illie
948 1094 1117 1162 adtribuit.

71 1197 148 1266 Vid.
165 1198 225 1266 lib.
246 1223 275 1265 r.
290 1222 323 1287 p.
344 1217 400 1279 93.
415 1202 437 1264 l.
457 1212 514 1280 34.
533 1216 566 1264 et
579 1216 685 1273 antea,
709 1196 770 1264 ubi
785 1202 879 1284 plura
896 1197 933 1264 in
946 1201 1035 1264 hunc
1047 1221 1121 1264 rem

73 1299 299 1388 disputantur.
349 1303 449 1369 Adde
469 1302 651 1366 Ludolium
675 1298 712 1364 in
735 1317 914 1367 comment.
930 1299 1002 1366 hill.
1018 1302 1120 1368 Aeth.
1244 1282 1247 1338 ἶ

77 1423 111 1476 9,
136 1406 193 1469 16.
217 1426 250 1489 p.
266 1405 340 1469 996
356 1403 398 1490 tq.
425 1402 484 1467 ubi
506 1405 710 1470 Bochartum
731 1403 861 1469 refutat.
913 1404 1042 1488 Nempe
1062 1399 1122 1466 atii
1180 1401 1184 1406 ’

73 1502 213 1578 Nilum,
244 1501 302 1569 alii
327 1507 433 1568 srnurn
452 1502 636 1572 Arabicum
650 1501 811 1570 terminos
826 1505 921 1572 Aliae
939 1521 972 1568 et
986 1502 1123 1571 Africae

1 1605 2 1610 ’
75 1605 247 1680 tenemur,
273 1625 357 1692 quoe
374 1605 511 1695 quidem
533 1610 652 1693 probat
673 1609 789 1672 Strabo
811 1609 911 1693 paulo
933 1605 1014 1693 poll.
1065 1603 1124 1674 Sic

76 1708 240 1774 Herodot.
262 1723 297 1790 7,
323 1725 381 1794 70.
404 1707 587 1794 Aethiopes
606 1706 645 1772 in
667 1711 741 1776 Aba
760 1711 794 1772 et'
816 1707 930 1776 Africa
948 1724 1123 1774 memorat.

77 1810 173 1878 Idem
193 1819 326 1891 3,114.
349 1809 491 1876 Arabiae
511 1808 755 1876 conterminam
776 1807 875 1887 iacit,
909 1825 1125 1874 ettenorum

77 1911 303 1980 habitatorum
319 1909 482 1987 ultimam,
502 1929 536 1977 et
551 1911 712 1998 superiori
729 1916 803 1977 loco
819 1933 889 1998 cap.
905 1913 964 1994 69.
985 1911 1125 1978 Aethio·

78 2013 174 2102 piam
199 2015 300 2078 habet
324 2013 420 2100 lup'er
444 2016 645 2100 Aegyptum,
680 2005 772 2106 ὑπὲρ,
807 2030 847 2078 ut
869 2011 937 2087 alii,
969 2033 1031 2098 pro
1057 2033 1126 2101 quo

78 2117 223 2180 Ptolem.
239 2126 275 2197 4.
291 2131 324 2198 7.
341 2105 425 2187 ὑπὸ.
449 2117 539 2202 quod
554 2113 591 2178 in
607 2114 694 2180 illud
709 2131 838 2182 mutare
852 2111 1129 2180 malit-Cellariue

80 2216 119 2286 in
136 2219 257 2301 Geogr.
278 2231 344 2281 ant.
359 2229 395 2297 4,
414 2229 448 2294 8,
467 2233 499 2296 3.
513 2239 545 2302 p.
559 2241 604 2286 m.
622 2229 709 2300 951.
760 2215 818 2282 Sic
832 2215 889 2280 alii
910 2238 1015 2304 genua
1037 2215 1126 2282 lndi-

82 2339 161 2384 cum
187 2315 316 2382 faciunt
341 2317 542 2403 Aetbiopea,
577 2317 635 2382 alii
660 2315 851 2382 Homeritas
876 2316 919 2382 iia
942 2321 1127 2386 accensent.

82 2421 173 2488 lllud
189 2417 339 2484 Philoſtr.
357 2419 391 2498 33
407 2423 440 2485 6.
462 2429 499 2502 4.
516 2423 552 2491 6.
571 2423 637 2486 hoc
651 2421 836 2506 Stephanus
850 2420 872 2485 l.
885 2443 918 2486 v.
938 2417 1127 2511 Ὁμηρίται,

1 2585 2 2590 ,
83 2541 288 2609 quamquem
307 2521 481 2586 Berkelius
501 2545 534 2607 p.
553 2525 638 2604 614.
661 2539 695 2586 et
710 2523 854 2586 Holsten.
879 2545 912 2608 p.
932 2536 1014 2602 n35.
1037 2517 1131 2613 'Apti-
1215 2545 1218 2551 ·

82 2625 156 2706 βων
178 2619 226 2686 ibi
248 2621 453 2687 substituunt.
502 2622 630 2688 Diserte
655 2621 757 2689 etiam
781 2621 882 2688 tradit
905 2624 1131 2710 Theophanes

83 2723 268 2807 Byzantius
284 2724 373 2811 apud
387 2722 546 2790 Pbotinm
567 2727 641 2792 cod.
659 2729 720 2808 64.
744 2723 937 2792 Macrobioe
952 2725 1047 2800 olim,
1072 2727 1131 2790 luo

84 2845 237 2912 tempore
253 2823 363 2892 dictor
378 2824 471 2890 fuille
484 2823 683 2900 Homeritar,
709 2830 764 2890 etd
779 2824 815 2890 in
831 2825 884 2892 bie
900 2843 1049 2913 tempora
1065 2825 1131 2892 dir·

84 2927 216 2996 crimen
233 2928 387 3002 llrtuunt,
410 2929 535 2992 fircete
549 2925 673 2992 retulit.
704 2924 894 2991 Macrobioe
909 2927 1000 2992 enirn
1015 2949 1133 2994 omnen

86 3029 126 3098 in
141 3028 260 3097 Africa
279 3045 419 3113 porrunt.
469 3031 559 3095 Tum
577 3029 663 3094 forte
680 3029 721 3092 de
740 3049 857 3093 eorum
876 3025 1133 3113 migrationibus

85 3129 234 3217 intelligi
257 3132 358 3194 debet
382 3129 493 3216 pellea
513 3127 616 3195 factis.
656 3128 730 3200 Vid.
750 3149 837 3217 quae
856 3127 985 3194 disserit
1007 3123 1136 3196 'Ludoli

89 3255 120 3299 c.
138 3237 162 3298 l.
179 3234 220 3296 ad
239 3257 271 3306 r,
290 3255 320 3297 r.
340 3255 373 3298 n.
394 3251 450 3296 99.
465 3255 497 3317 p.
515 3235 573 3310 63.
611 3232 677 3298 Sed
691 3247 725 3295 et
738 3247 865 3296 veteree
880 3231 1056 3299 llucmatoe
1070 3233 1133 3298 elle

87 3335 181 3402 inter
193 3335 320 3401 Arabae
336 3349 370 3396 et
378 3331 573 3418 Aethiopes,
589 3335 725 3420 adparet
740 3353 780 3396 ex
794 3330 907 3397 Plinio
921 3335 955 3406 6.
972 3349 992 3411 3
997 3348 1030 3414 5.
1041 3333 1062 3399 l.
1075 3353 1093 3398 9
1097 3355 1133 3416 9.

87 3453 129 3502 ut
144 3433 281 3500 retineri
296 3432 332 3498 hi
350 3432 451 3498 etiam
468 3433 680 3521 inStephano
695 3435 825 3524 possint.
857 3435 909 3499 cf.
925 3432 1024 3498 ctiam
1038 3438 1134 3500 Lobo

89 3557 220 3622 voyage
233 3533 427 3604 d’Abislinir
440 3539 481 3602 Τ.
502 3561 534 3604 ι.
553 3559 586 3622 p.
605 3549 687 3616 ⁹5¹·
710 3553 744 3600 et
763 3536 890 3602 Ludolf
902 3533 938 3599 in
954 3554 1134 3604 comment.

88 3637 164 3708 hist.
182 3639 294 3720 Abyll.
311 3657 344 3712 e,
361 3639 417 3710 16.
440 3657 497 3720 19.
518 3634 579 3702 ubi
596 3635 804 3703 Holllenium
820 3635 1003 3722 impugnat.
1041 3641 1136 3706 Idem

91 3739 151 3806 lib.
168 3759 200 3804 9.
215 3759 285 3828 cap.
306 3755 340 3819 3.
362 3761 396 3806 n.
417 3741 472 3804 16.
492 3762 529 3825 p.
548 3761 596 3808 m.
613 3751 684 3817 otta
701 3739 744 3826 sq.
768 3737 831 3804 elia
853 3737 1036 3805 testimonio
1057 3761 1135 3806 con-

91 3841 198 3928 legit,
222 3843 384 3926 limulque
396 3837 551 3927 infringit
564 3840 722 3909 Bocharti
738 3856 948 3925 argumenta,
974 3838 1053 3928 quia
1071 3845 1136 3907 Bo-

91 3947 229 4014 chartus
254 3939 470 4027 Aethiopiam
490 3959 621 4008 tantum
645 3940 683 4010 in
714 3941 831 4010 Africo
854 3944 943 4006 sitam
970 3941 1137 4028 cogitarit,

93 4049 153 4114 eui
171 4042 328 4112 concedit
343 4045 452 4112 Culch
474 4045 534 4112 elle
555 4041 728 4132 regionem
749 4041 912 4119 Arabiae,
939 4043 1138 4112 Palaestinae

91 4146 254 4215 vicinam.
288 4145 341 4212 Cf.
361 4166 391 4212 e.
406 4149 427 4212 l.
447 4169 482 4233 p.
503 4149 585 4216 996.
622 4147 789 4218 Bocharto
806 4143 1017 4234 adstipulatur
1031 4145 1141 4220 Ritter
