<?xml version="1.0" encoding="UTF-8"?>
<!DOCTYPE html PUBLIC "-//W3C//DTD XHTML 1.0 Transitional//EN"
    "http://www.w3.org/TR/xhtml1/DTD/xhtml1-transitional.dtd">
<html xmlns="http://www.w3.org/1999/xhtml" xml:lang="en" lang="en">
 <head>
  <title>
</title>
<meta http-equiv="Content-Type" content="text/html;charset=utf-8" />
  <meta name='ocr-system' content='tesseract 3.04.00' />
  <meta name='ocr-capabilities' content='ocr_page ocr_carea ocr_par ocr_line ocrx_word'/>
</head>
<body>
  <div class='ocr_page' id='page_1' title='image "./pomponiimelaede03melagoog_0420.png"; bbox 0 0 2746 4894; ppageno 0'>
   <div class='ocr_carea' id='block_1_1' title="bbox 283 335 1058 414">
    <p class='ocr_par' dir='ltr' id='par_1_1' title="bbox 283 335 1058 414">
     <span class='ocr_line' id='line_1_1' title="bbox 283 335 1058 414; baseline 0.013 -22"><span class='ocrx_word' id='word_1_1' title='bbox 283 341 348 414; x_wconf 73' lang='grc' dir='ltr'><strong>4η</strong></span> <span class='ocrx_word' id='word_1_2' title='bbox 554 335 716 406; x_wconf 73' lang='lat' dir='ltr'><strong>noran</strong></span> <span class='ocrx_word' id='word_1_3' title='bbox 756 337 1058 402; x_wconf 79' lang='lat' dir='ltr'><strong>uxaoarrora</strong></span> 
     </span>
    </p>
   </div>
   <div class='ocr_carea' id='block_1_2' title="bbox 245 509 1317 4062">
    <p class='ocr_par' dir='ltr' id='par_1_2' title="bbox 248 509 1317 3635">
     <span class='ocr_line' id='line_1_2' title="bbox 280 509 1317 598; baseline 0.01 -22"><span class='ocrx_word' id='word_1_4' title='bbox 280 509 443 576; x_wconf 79' lang='lat' dir='ltr'><strong>Sellulliue</strong></span> <span class='ocrx_word' id='word_1_5' title='bbox 466 509 577 598; x_wconf 77' lang='lat' dir='ltr'><strong>fragm.</strong></span> <span class='ocrx_word' id='word_1_6' title='bbox 599 509 655 575; x_wconf 92' lang='lat' dir='ltr'><strong>lib.</strong></span> <span class='ocrx_word' id='word_1_7' title='bbox 670 511 704 576; x_wconf 86' lang='grc'><strong>6.</strong></span> <span class='ocrx_word' id='word_1_8' title='bbox 720 514 766 575; x_wconf 91' lang='lat' dir='ltr'><strong>in.</strong></span> <span class='ocrx_word' id='word_1_9' title='bbox 792 514 848 576; x_wconf 86' lang='lat' dir='ltr'><strong>etli</strong></span> <span class='ocrx_word' id='word_1_10' title='bbox 869 515 1012 582; x_wconf 77' lang='lat' dir='ltr'><strong>distantia</strong></span> <span class='ocrx_word' id='word_1_11' title='bbox 1034 517 1213 586; x_wconf 76' lang='lat' dir='ltr'><strong>aGadibue</strong></span> <span class='ocrx_word' id='word_1_12' title='bbox 1228 520 1317 586; x_wconf 82' lang='lat' dir='ltr'><strong>dubi·</strong></span> 
     </span>
     <span class='ocr_line' id='line_1_3' title="bbox 281 615 1315 708; baseline 0.011 -30"><span class='ocrx_word' id='word_1_13' title='bbox 281 619 440 680; x_wconf 90' lang='lat' dir='ltr'><strong>tationem</strong></span> <span class='ocrx_word' id='word_1_14' title='bbox 470 615 588 684; x_wconf 68' lang='lat' dir='ltr'><strong>inficit,</strong></span> <span class='ocrx_word' id='word_1_15' title='bbox 625 615 678 676; x_wconf 85' lang='lat' dir='ltr'><strong>vel</strong></span> <span class='ocrx_word' id='word_1_16' title='bbox 708 616 839 679; x_wconf 83' lang='lat' dir='ltr'><strong>vitiatur</strong></span> <span class='ocrx_word' id='word_1_17' title='bbox 871 619 914 681; x_wconf 81' lang='lat' dir='ltr'><strong>eil</strong></span> <span class='ocrx_word' id='word_1_18' title='bbox 948 641 1116 694; x_wconf 78' lang='lat' dir='ltr'><strong>numerus,</strong></span> <span class='ocrx_word' id='word_1_19' title='bbox 1158 639 1195 684; x_wconf 93' lang='lat' dir='ltr'><strong>ut</strong></span> <span class='ocrx_word' id='word_1_20' title='bbox 1225 638 1315 708; x_wconf 85' lang='lat' dir='ltr'><strong>putat</strong></span> 
     </span>
     <span class='ocr_line' id='line_1_4' title="bbox 278 709 1313 808; baseline 0.01 -24"><span class='ocrx_word' id='word_1_21' title='bbox 278 718 390 784; x_wconf 80' lang='lat' dir='ltr'>Corte.</span> <span class='ocrx_word' id='word_1_22' title='bbox 434 709 604 804; x_wconf 75' lang='grc' dir='ltr'>Μακάρων</span> <span class='ocrx_word' id='word_1_23' title='bbox 629 712 748 802; x_wconf 70' lang='grc' dir='ltr'>νήσους</span> <span class='ocrx_word' id='word_1_24' title='bbox 777 733 935 782; x_wconf 89' lang='lat' dir='ltr'><strong>memorat</strong></span> <span class='ocrx_word' id='word_1_25' title='bbox 957 725 1053 785; x_wconf 85' lang='lat' dir='ltr'><strong>etiam</strong></span> <span class='ocrx_word' id='word_1_26' title='bbox 1077 725 1130 787; x_wconf 85' lang='lat' dir='ltr'><strong>hic</strong></span> <span class='ocrx_word' id='word_1_27' title='bbox 1151 726 1262 789; x_wconf 84' lang='lat' dir='ltr'><strong>Strabo</strong></span> <span class='ocrx_word' id='word_1_28' title='bbox 1278 741 1313 808; x_wconf 79' lang='lat'><strong>3.</strong></span> 
     </span>
     <span class='ocr_line' id='line_1_5' title="bbox 275 818 1314 906; baseline 0.012 -24"><span class='ocrx_word' id='word_1_29' title='bbox 275 841 348 906; x_wconf 74' lang='lat' dir='ltr'><strong>pag.</strong></span> <span class='ocrx_word' id='word_1_30' title='bbox 370 829 450 900; x_wconf 76' lang='lat'><strong>¹⁰4·</strong></span> <span class='ocrx_word' id='word_1_31' title='bbox 466 818 487 881; x_wconf 86' lang='lat' dir='ltr'><strong>l.</strong></span> <span class='ocrx_word' id='word_1_32' title='bbox 508 829 589 896; x_wconf 84' lang='lat'><strong>¹50·</strong></span> <span class='ocrx_word' id='word_1_33' title='bbox 616 832 649 879; x_wconf 88' lang='lat' dir='ltr'><strong>et</strong></span> <span class='ocrx_word' id='word_1_34' title='bbox 666 837 732 881; x_wconf 91' lang='lat' dir='ltr'><strong>non</strong></span> <span class='ocrx_word' id='word_1_35' title='bbox 748 822 860 903; x_wconf 90' lang='lat' dir='ltr'><strong>procul</strong></span> <span class='ocrx_word' id='word_1_36' title='bbox 880 821 918 884; x_wconf 91' lang='lat' dir='ltr'><strong>ab</strong></span> <span class='ocrx_word' id='word_1_37' title='bbox 935 826 1084 888; x_wconf 84' lang='lat' dir='ltr'><strong>extremia</strong></span> <span class='ocrx_word' id='word_1_38' title='bbox 1101 827 1314 894; x_wconf 75' lang='lat' dir='ltr'>Mauretaniae</span> 
     </span>
     <span class='ocr_line' id='line_1_6' title="bbox 277 919 1312 1015; baseline 0.008 -29"><span class='ocrx_word' id='word_1_39' title='bbox 277 921 421 986; x_wconf 73' lang='lat' dir='ltr'><strong>Gadibus</strong></span> <span class='ocrx_word' id='word_1_40' title='bbox 435 919 582 1004; x_wconf 80' lang='lat' dir='ltr'><strong>obponit.</strong></span> <span class='ocrx_word' id='word_1_41' title='bbox 612 921 665 981; x_wconf 88' lang='lat' dir='ltr'><strong>Sic</strong></span> <span class='ocrx_word' id='word_1_42' title='bbox 680 919 730 1002; x_wconf 70' lang='lat' dir='ltr'><strong>api</strong></span> <span class='ocrx_word' id='word_1_43' title='bbox 743 919 881 1005; x_wconf 73' lang='grc' dir='ltr'><strong>Λιβυκῷ</strong></span> <span class='ocrx_word' id='word_1_44' title='bbox 900 921 1036 1012; x_wconf 74' lang='grc' dir='ltr'><strong>τέρματι</strong></span> <span class='ocrx_word' id='word_1_45' title='bbox 1056 923 1220 1015; x_wconf 70' lang='grc' dir='ltr'><strong><em>ὁρίζεσθαι</em></strong></span> <span class='ocrx_word' id='word_1_46' title='bbox 1234 933 1312 994; x_wconf 86' lang='lat' dir='ltr'><strong>dicit</strong></span> 
     </span>
     <span class='ocr_line' id='line_1_7' title="bbox 275 1021 1312 1104; baseline 0.012 -20"><span class='ocrx_word' id='word_1_47' title='bbox 275 1025 413 1087; x_wconf 79' lang='lat' dir='ltr'><strong>Tzetzee</strong></span> <span class='ocrx_word' id='word_1_48' title='bbox 435 1024 473 1085; x_wconf 86' lang='lat' dir='ltr'><strong>ad</strong></span> <span class='ocrx_word' id='word_1_49' title='bbox 496 1021 700 1104; x_wconf 87' lang='lat' dir='ltr'><strong>Lycophron.</strong></span> <span class='ocrx_word' id='word_1_50' title='bbox 725 1043 759 1086; x_wconf 85' lang='lat' dir='ltr'><strong>v.</strong></span> <span class='ocrx_word' id='word_1_51' title='bbox 777 1025 863 1102; x_wconf 80' lang='lat'><strong>⁶48·</strong></span> <span class='ocrx_word' id='word_1_52' title='bbox 915 1027 1137 1092; x_wconf 85' lang='lat' dir='ltr'><strong>Memorantur</strong></span> <span class='ocrx_word' id='word_1_53' title='bbox 1157 1033 1253 1094; x_wconf 85' lang='lat' dir='ltr'><strong>etiam</strong></span> <span class='ocrx_word' id='word_1_54' title='bbox 1271 1033 1312 1096; x_wconf 85' lang='lat' dir='ltr'><strong>ab</strong></span> 
     </span>
     <span class='ocr_line' id='line_1_8' title="bbox 272 1123 1312 1213; baseline 0.006 -25"><span class='ocrx_word' id='word_1_55' title='bbox 272 1125 443 1189; x_wconf 82' lang='lat' dir='ltr'><strong>Herodoto</strong></span> <span class='ocrx_word' id='word_1_56' title='bbox 463 1135 494 1204; x_wconf 74' lang='lat'><strong>5,</strong></span> <span class='ocrx_word' id='word_1_57' title='bbox 520 1125 579 1186; x_wconf 83' lang='grc'><strong>96.</strong></span> <span class='ocrx_word' id='word_1_58' title='bbox 614 1123 671 1184; x_wconf 90' lang='lat' dir='ltr'><strong>ubi</strong></span> <span class='ocrx_word' id='word_1_59' title='bbox 693 1124 780 1188; x_wconf 77' lang='lat' dir='ltr'><strong>ride.</strong></span> <span class='ocrx_word' id='word_1_60' title='bbox 833 1128 874 1188; x_wconf 81' lang='lat' dir='ltr'><strong>At</strong></span> <span class='ocrx_word' id='word_1_61' title='bbox 896 1127 974 1189; x_wconf 91' lang='lat' dir='ltr'><strong>luba</strong></span> <span class='ocrx_word' id='word_1_62' title='bbox 997 1133 1079 1213; x_wconf 87' lang='lat' dir='ltr'><strong>apud</strong></span> <span class='ocrx_word' id='word_1_63' title='bbox 1101 1133 1183 1195; x_wconf 87' lang='lat' dir='ltr'><strong>Plin.</strong></span> <span class='ocrx_word' id='word_1_64' title='bbox 1200 1136 1232 1204; x_wconf 88' lang='grc'><strong>6,</strong></span> <span class='ocrx_word' id='word_1_65' title='bbox 1251 1147 1312 1213; x_wconf 81' lang='lat'><strong>37.</strong></span> 
     </span>
     <span class='ocr_line' id='line_1_9' title="bbox 272 1223 1312 1316; baseline 0.01 -27"><span class='ocrx_word' id='word_1_66' title='bbox 272 1225 373 1316; x_wconf 40' lang='lat'><strong>[332.</strong></span> <span class='ocrx_word' id='word_1_67' title='bbox 390 1227 485 1290; x_wconf 87' lang='lat' dir='ltr'><strong>habet</strong></span> <span class='ocrx_word' id='word_1_68' title='bbox 498 1223 565 1294; x_wconf 83' lang='lat' dir='ltr'><strong>lex.</strong></span> <span class='ocrx_word' id='word_1_69' title='bbox 591 1239 678 1287; x_wconf 86' lang='lat' dir='ltr'><strong>etex</strong></span> <span class='ocrx_word' id='word_1_70' title='bbox 700 1245 738 1288; x_wconf 91' lang='lat' dir='ltr'><strong>eo</strong></span> <span class='ocrx_word' id='word_1_71' title='bbox 755 1227 854 1292; x_wconf 87' lang='lat' dir='ltr'><strong>Solin.</strong></span> <span class='ocrx_word' id='word_1_72' title='bbox 870 1248 936 1312; x_wconf 86' lang='lat' dir='ltr'><strong>cap.</strong></span> <span class='ocrx_word' id='word_1_73' title='bbox 956 1231 1014 1295; x_wconf 92' lang='lat' dir='ltr'><strong>ult.</strong></span> <span class='ocrx_word' id='word_1_74' title='bbox 1039 1245 1072 1294; x_wconf 88' lang='lat' dir='ltr'><strong>et</strong></span> <span class='ocrx_word' id='word_1_75' title='bbox 1089 1233 1235 1300; x_wconf 88' lang='lat' dir='ltr'><strong>Martian.</strong></span> <span class='ocrx_word' id='word_1_76' title='bbox 1252 1235 1312 1299; x_wconf 82' lang='lat' dir='ltr'><strong>Ca-</strong></span> 
     </span>
     <span class='ocr_line' id='line_1_10' title="bbox 269 1327 1312 1417; baseline 0.004 -22"><span class='ocrx_word' id='word_1_77' title='bbox 269 1331 353 1417; x_wconf 81' lang='lat' dir='ltr'>pella</span> <span class='ocrx_word' id='word_1_78' title='bbox 369 1329 426 1394; x_wconf 90' lang='lat' dir='ltr'><strong>lib.</strong></span> <span class='ocrx_word' id='word_1_79' title='bbox 445 1329 476 1392; x_wconf 89' lang='lat'><strong>6.</strong></span> <span class='ocrx_word' id='word_1_80' title='bbox 493 1347 526 1410; x_wconf 86' lang='lat' dir='ltr'><strong>p.</strong></span> <span class='ocrx_word' id='word_1_81' title='bbox 543 1327 627 1390; x_wconf 87' lang='grc'><strong>996.</strong></span> <span class='ocrx_word' id='word_1_82' title='bbox 668 1327 811 1390; x_wconf 77' lang='lat' dir='ltr'><strong>Nomina</strong></span> <span class='ocrx_word' id='word_1_83' title='bbox 835 1346 1012 1415; x_wconf 87' lang='lat' dir='ltr'><strong>comparata</strong></span> <span class='ocrx_word' id='word_1_84' title='bbox 1032 1332 1103 1396; x_wconf 87' lang='lat' dir='ltr'><strong>lunt</strong></span> <span class='ocrx_word' id='word_1_85' title='bbox 1125 1337 1218 1398; x_wconf 87' lang='lat' dir='ltr'><strong>haec:</strong></span> <span class='ocrx_word' id='word_1_86' title='bbox 1242 1337 1312 1398; x_wconf 86' lang='lat' dir='ltr'><strong>Pri·</strong></span> 
     </span>
     <span class='ocr_line' id='line_1_11' title="bbox 269 1427 1312 1501; baseline 0.005 -5"><span class='ocrx_word' id='word_1_87' title='bbox 269 1453 356 1496; x_wconf 86' lang='lat' dir='ltr'><strong>maru</strong></span> <span class='ocrx_word' id='word_1_88' title='bbox 374 1443 487 1493; x_wconf 83' lang='lat' dir='ltr'><strong>voctnt</strong></span> <span class='ocrx_word' id='word_1_89' title='bbox 505 1427 668 1492; x_wconf 79' lang='lat' dir='ltr'><strong>Ombrion.</strong></span> <span class='ocrx_word' id='word_1_90' title='bbox 702 1431 826 1494; x_wconf 79' lang='lat' dir='ltr'><strong>Plinius</strong></span> <span class='ocrx_word' id='word_1_91' title='bbox 841 1451 867 1496; x_wconf 88' lang='lat' dir='ltr'><strong>c.</strong></span> <span class='ocrx_word' id='word_1_92' title='bbox 884 1433 904 1493; x_wconf 90' lang='lat' dir='ltr'><strong>l.</strong></span> <span class='ocrx_word' id='word_1_93' title='bbox 932 1435 1061 1500; x_wconf 78' lang='lat' dir='ltr'><strong>Solinus</strong></span> <span class='ocrx_word' id='word_1_94' title='bbox 1074 1457 1102 1501; x_wconf 89' lang='lat' dir='ltr'><strong>o.</strong></span> <span class='ocrx_word' id='word_1_95' title='bbox 1118 1439 1139 1498; x_wconf 94' lang='lat' dir='ltr'><strong>l.</strong></span> <span class='ocrx_word' id='word_1_96' title='bbox 1163 1439 1220 1499; x_wconf 89' lang='lat' dir='ltr'><strong>ubi</strong></span> <span class='ocrx_word' id='word_1_97' title='bbox 1234 1439 1312 1501; x_wconf 82' lang='lat' dir='ltr'><strong>libri</strong></span> 
     </span>
     <span class='ocr_line' id='line_1_12' title="bbox 268 1531 1308 1620; baseline -0.006 -24"><span class='ocrx_word' id='word_1_98' title='bbox 268 1537 366 1600; x_wconf 87' lang='lat' dir='ltr'><strong>etiam</strong></span> <span class='ocrx_word' id='word_1_99' title='bbox 385 1532 519 1602; x_wconf 76' lang='lat' dir='ltr'><strong>Notion,</strong></span> <span class='ocrx_word' id='word_1_100' title='bbox 546 1531 685 1602; x_wconf 72' lang='lat' dir='ltr'><strong>ll&#39;ozion,</strong></span> <span class='ocrx_word' id='word_1_101' title='bbox 713 1532 752 1592; x_wconf 91' lang='lat' dir='ltr'><strong>de</strong></span> <span class='ocrx_word' id='word_1_102' title='bbox 770 1551 834 1615; x_wconf 87' lang='lat' dir='ltr'><strong>quo</strong></span> <span class='ocrx_word' id='word_1_103' title='bbox 850 1534 977 1597; x_wconf 76' lang='lat' dir='ltr'><strong>Salmas.</strong></span> <span class='ocrx_word' id='word_1_104' title='bbox 1001 1558 1034 1620; x_wconf 88' lang='lat' dir='ltr'><strong>p.</strong></span> <span class='ocrx_word' id='word_1_105' title='bbox 1047 1559 1092 1601; x_wconf 90' lang='lat' dir='ltr'><strong>m.</strong></span> <span class='ocrx_word' id='word_1_106' title='bbox 1110 1541 1196 1620; x_wconf 82' lang='lat'><strong>916.</strong></span> <span class='ocrx_word' id='word_1_107' title='bbox 1224 1542 1308 1604; x_wconf 85' lang='lat' dir='ltr'><strong>Mar.</strong></span> 
     </span>
     <span class='ocr_line' id='line_1_13' title="bbox 266 1633 1309 1717; baseline 0.006 -18"><span class='ocrx_word' id='word_1_108' title='bbox 266 1639 345 1700; x_wconf 82' lang='lat' dir='ltr'><strong>tien.</strong></span> <span class='ocrx_word' id='word_1_109' title='bbox 370 1635 447 1716; x_wconf 85' lang='lat' dir='ltr'><strong>cap.</strong></span> <span class='ocrx_word' id='word_1_110' title='bbox 468 1633 525 1697; x_wconf 92' lang='lat' dir='ltr'><strong>lib.</strong></span> <span class='ocrx_word' id='word_1_111' title='bbox 545 1635 578 1697; x_wconf 86' lang='lat'><strong>6.</strong></span> <span class='ocrx_word' id='word_1_112' title='bbox 603 1651 674 1717; x_wconf 83' lang='lat' dir='ltr'><strong>pag.</strong></span> <span class='ocrx_word' id='word_1_113' title='bbox 689 1634 774 1698; x_wconf 89' lang='grc'><strong>996.</strong></span> <span class='ocrx_word' id='word_1_114' title='bbox 799 1636 934 1717; x_wconf 81' lang='lat' dir='ltr'><strong>adpellet</strong></span> <span class='ocrx_word' id='word_1_115' title='bbox 960 1637 1143 1714; x_wconf 72' lang='lat' dir='ltr'><strong>Umbriona,</strong></span> <span class='ocrx_word' id='word_1_116' title='bbox 1171 1643 1228 1703; x_wconf 91' lang='lat' dir='ltr'><strong>ubi</strong></span> <span class='ocrx_word' id='word_1_117' title='bbox 1251 1644 1309 1706; x_wconf 79' lang='lat' dir='ltr'><strong>alit</strong></span> 
     </span>
     <span class='ocr_line' id='line_1_14' title="bbox 266 1733 1307 1807; baseline 0.009 -9"><span class='ocrx_word' id='word_1_118' title='bbox 266 1733 481 1804; x_wconf 80' lang='lat' dir='ltr'><strong>Membriona.</strong></span> <span class='ocrx_word' id='word_1_119' title='bbox 517 1735 649 1798; x_wconf 89' lang='lat' dir='ltr'><strong>Grotius</strong></span> <span class='ocrx_word' id='word_1_120' title='bbox 667 1737 737 1796; x_wconf 82' lang='lat' dir='ltr'><strong>vult</strong></span> <span class='ocrx_word' id='word_1_121' title='bbox 754 1733 907 1799; x_wconf 83' lang='lat' dir='ltr'><strong>Embrion</strong></span> <span class='ocrx_word' id='word_1_122' title='bbox 923 1738 944 1801; x_wconf 83' lang='lat' dir='ltr'><strong>l.</strong></span> <span class='ocrx_word' id='word_1_123' title='bbox 965 1739 1129 1807; x_wconf 74' lang='lat' dir='ltr'><strong>Ombrion.</strong></span> <span class='ocrx_word' id='word_1_124' title='bbox 1171 1745 1307 1807; x_wconf 80' lang='lat' dir='ltr'><strong>Videtur</strong></span> 
     </span>
     <span class='ocr_line' id='line_1_15' title="bbox 264 1835 1306 1926; baseline 0.007 -21"><span class='ocrx_word' id='word_1_125' title='bbox 264 1840 326 1905; x_wconf 87' lang='lat' dir='ltr'><strong>elle</strong></span> <span class='ocrx_word' id='word_1_126' title='bbox 347 1859 400 1911; x_wconf 84' lang='lat' dir='ltr'><strong>ea,</strong></span> <span class='ocrx_word' id='word_1_127' title='bbox 433 1857 528 1920; x_wconf 81' lang='lat' dir='ltr'><strong>quant</strong></span> <span class='ocrx_word' id='word_1_128' title='bbox 552 1835 687 1900; x_wconf 86' lang='lat' dir='ltr'><strong>Sebolua</strong></span> <span class='ocrx_word' id='word_1_129' title='bbox 706 1837 902 1900; x_wconf 82' lang='lat' dir='ltr'><strong>Pluuialiam</strong></span> <span class='ocrx_word' id='word_1_130' title='bbox 927 1843 1006 1903; x_wconf 88' lang='lat' dir='ltr'><strong>dicit</strong></span> <span class='ocrx_word' id='word_1_131' title='bbox 1025 1845 1108 1926; x_wconf 88' lang='lat' dir='ltr'><strong>apud</strong></span> <span class='ocrx_word' id='word_1_132' title='bbox 1131 1843 1214 1909; x_wconf 90' lang='lat' dir='ltr'><strong>Plin.</strong></span> <span class='ocrx_word' id='word_1_133' title='bbox 1231 1865 1258 1909; x_wconf 89' lang='lat' dir='ltr'><strong>c.</strong></span> <span class='ocrx_word' id='word_1_134' title='bbox 1279 1847 1306 1912; x_wconf 86' lang='lat' dir='ltr'><strong>l.</strong></span> 
     </span>
     <span class='ocr_line' id='line_1_16' title="bbox 263 1931 1304 2010; baseline 0.005 -5"><span class='ocrx_word' id='word_1_135' title='bbox 263 1943 320 2006; x_wconf 85' lang='lat' dir='ltr'><strong>etii</strong></span> <span class='ocrx_word' id='word_1_136' title='bbox 343 1944 377 2002; x_wconf 91' lang='lat' dir='ltr'><strong>iu</strong></span> <span class='ocrx_word' id='word_1_137' title='bbox 398 1937 566 2003; x_wconf 86' lang='lat' dir='ltr'><strong>lortnnatia</strong></span> <span class='ocrx_word' id='word_1_138' title='bbox 587 1959 655 2002; x_wconf 89' lang='lat' dir='ltr'><strong>non</strong></span> <span class='ocrx_word' id='word_1_139' title='bbox 679 1931 858 2004; x_wconf 84' lang='lat' dir='ltr'><strong>numerat.&#39;</strong></span> <span class='ocrx_word' id='word_1_140' title='bbox 892 1941 976 2004; x_wconf 91' lang='lat' dir='ltr'><strong>Nam</strong></span> <span class='ocrx_word' id='word_1_141' title='bbox 999 1959 1032 2006; x_wconf 91' lang='lat' dir='ltr'><strong>et</strong></span> <span class='ocrx_word' id='word_1_142' title='bbox 1052 1945 1235 2010; x_wconf 79' lang='lat' dir='ltr'><strong>Ptolemaeo</strong></span> <span class='ocrx_word' id='word_1_143' title='bbox 1257 1947 1304 2010; x_wconf 80' lang='lat' dir='ltr'><strong>est</strong></span> 
     </span>
     <span class='ocr_line' id='line_1_17' title="bbox 262 2041 1301 2133; baseline 0.002 -25"><span class='ocrx_word' id='word_1_144' title='bbox 262 2043 438 2115; x_wconf 62' lang='lat' dir='ltr'><strong>Pluinna,</strong></span> <span class='ocrx_word' id='word_1_145' title='bbox 471 2041 631 2114; x_wconf 75' lang='lat' dir='ltr'><strong>Pinnata,</strong></span> <span class='ocrx_word' id='word_1_146' title='bbox 669 2041 754 2125; x_wconf 89' lang='lat' dir='ltr'><strong>(hoc</strong></span> <span class='ocrx_word' id='word_1_147' title='bbox 791 2044 929 2114; x_wconf 81' lang='lat' dir='ltr'><strong>Bertine.</strong></span> <span class='ocrx_word' id='word_1_148' title='bbox 968 2046 1048 2106; x_wconf 91' lang='lat' dir='ltr'><strong>illud</strong></span> <span class='ocrx_word' id='word_1_149' title='bbox 1081 2049 1132 2110; x_wconf 85' lang='lat' dir='ltr'><strong>ed.</strong></span> <span class='ocrx_word' id='word_1_150' title='bbox 1166 2049 1301 2133; x_wconf 72' lang='lat' dir='ltr'><strong>A25ent.</strong></span> 
     </span>
     <span class='ocr_line' id='line_1_18' title="bbox 268 2143 1303 2228; baseline 0.003 -18"><span class='ocrx_word' id='word_1_151' title='bbox 268 2159 375 2226; x_wconf 81' lang='lat'><strong>1520.</strong></span> <span class='ocrx_word' id='word_1_152' title='bbox 392 2143 436 2228; x_wconf 88' lang='lat' dir='ltr'><strong>f.)</strong></span> <span class='ocrx_word' id='word_1_153' title='bbox 462 2145 527 2216; x_wconf 87' lang='lat' dir='ltr'><strong>vel,</strong></span> <span class='ocrx_word' id='word_1_154' title='bbox 543 2159 579 2206; x_wconf 94' lang='lat' dir='ltr'><strong>ut</strong></span> <span class='ocrx_word' id='word_1_155' title='bbox 589 2143 753 2206; x_wconf 82' lang='lat' dir='ltr'><strong>Salmaliue</strong></span> <span class='ocrx_word' id='word_1_156' title='bbox 767 2164 793 2206; x_wconf 89' lang='lat' dir='ltr'><strong>c.</strong></span> <span class='ocrx_word' id='word_1_157' title='bbox 804 2145 824 2204; x_wconf 92' lang='lat' dir='ltr'><strong>l.</strong></span> <span class='ocrx_word' id='word_1_158' title='bbox 837 2144 947 2214; x_wconf 79' lang='lat' dir='ltr'>adfert,</span> <span class='ocrx_word' id='word_1_159' title='bbox 965 2143 1191 2222; x_wconf 68' lang='lat' dir='ltr'><strong>nloussrallc..</strong></span> <span class='ocrx_word' id='word_1_160' title='bbox 1218 2149 1303 2212; x_wconf 84' lang='lat' dir='ltr'><strong>Cau·</strong></span> 
     </span>
     <span class='ocr_line' id='line_1_19' title="bbox 261 2243 1301 2330; baseline 0.001 -18"><span class='ocrx_word' id='word_1_161' title='bbox 261 2249 324 2312; x_wconf 86' lang='lat' dir='ltr'><strong>lam</strong></span> <span class='ocrx_word' id='word_1_162' title='bbox 348 2248 491 2310; x_wconf 85' lang='lat' dir='ltr'><strong>nominia</strong></span> <span class='ocrx_word' id='word_1_163' title='bbox 506 2247 588 2308; x_wconf 87' lang='lat' dir='ltr'><strong>hano</strong></span> <span class='ocrx_word' id='word_1_164' title='bbox 608 2246 732 2308; x_wconf 81' lang='lat' dir='ltr'><strong>Pliniue</strong></span> <span class='ocrx_word' id='word_1_165' title='bbox 754 2243 891 2328; x_wconf 85' lang='lat' dir='ltr'><strong>profert,</strong></span> <span class='ocrx_word' id='word_1_166' title='bbox 923 2249 994 2328; x_wconf 84' lang='lat' dir='ltr'><strong>quia</strong></span> <span class='ocrx_word' id='word_1_167' title='bbox 1011 2247 1056 2308; x_wconf 79' lang='lat' dir='ltr'><strong>ibi</strong></span> <span class='ocrx_word' id='word_1_168' title='bbox 1073 2270 1149 2330; x_wconf 67' lang='lat' dir='ltr'><strong>aqua</strong></span> <span class='ocrx_word' id='word_1_169' title='bbox 1165 2269 1232 2312; x_wconf 90' lang='lat' dir='ltr'><strong>non</strong></span> <span class='ocrx_word' id='word_1_170' title='bbox 1252 2251 1301 2324; x_wconf 82' lang='lat' dir='ltr'>fit,</span> 
     </span>
     <span class='ocr_line' id='line_1_20' title="bbox 259 2347 1301 2421; baseline 0.001 -7"><span class='ocrx_word' id='word_1_171' title='bbox 259 2353 318 2414; x_wconf 86' lang='lat' dir='ltr'><strong>nili</strong></span> <span class='ocrx_word' id='word_1_172' title='bbox 342 2370 382 2412; x_wconf 87' lang='lat' dir='ltr'><strong>ex</strong></span> <span class='ocrx_word' id='word_1_173' title='bbox 401 2349 575 2421; x_wconf 80' lang='lat' dir='ltr'><strong>imbribus,</strong></span> <span class='ocrx_word' id='word_1_174' title='bbox 606 2361 637 2408; x_wconf 87' lang='lat' dir='ltr'><strong>et</strong></span> <span class='ocrx_word' id='word_1_175' title='bbox 658 2349 698 2408; x_wconf 86' lang='lat' dir='ltr'><strong>‹le</strong></span> <span class='ocrx_word' id='word_1_176' title='bbox 716 2347 853 2410; x_wconf 88' lang='lat' dir='ltr'><strong>Ombrio</strong></span> <span class='ocrx_word' id='word_1_177' title='bbox 876 2361 995 2418; x_wconf 82' lang='lat' dir='ltr'><strong>narrat,</strong></span> <span class='ocrx_word' id='word_1_178' title='bbox 1028 2349 1154 2414; x_wconf 82' lang='lat' dir='ltr'><strong>nrboree</strong></span> <span class='ocrx_word' id='word_1_179' title='bbox 1176 2353 1215 2414; x_wconf 81' lang='lat' dir='ltr'><strong>iis</strong></span> <span class='ocrx_word' id='word_1_180' title='bbox 1237 2352 1301 2416; x_wconf 82' lang='lat' dir='ltr'><strong>effe</strong></span> 
     </span>
     <span class='ocr_line' id='line_1_21' title="bbox 257 2447 1301 2539; baseline 0.001 -24"><span class='ocrx_word' id='word_1_181' title='bbox 257 2452 374 2518; x_wconf 80' lang='lat' dir='ltr'><strong>fimilea</strong></span> <span class='ocrx_word' id='word_1_182' title='bbox 400 2449 534 2519; x_wconf 77' lang='lat' dir='ltr'><strong>ferulae,</strong></span> <span class='ocrx_word' id='word_1_183' title='bbox 566 2469 605 2511; x_wconf 82' lang='lat' dir='ltr'><strong>ex</strong></span> <span class='ocrx_word' id='word_1_184' title='bbox 635 2447 750 2530; x_wconf 77' lang='lat' dir='ltr'><strong>quibus</strong></span> <span class='ocrx_word' id='word_1_185' title='bbox 778 2469 855 2530; x_wconf 83' lang='lat' dir='ltr'><strong>aqua</strong></span> <span class='ocrx_word' id='word_1_186' title='bbox 883 2453 1091 2532; x_wconf 71' lang='lat' dir='ltr'>exprimatur,</span> <span class='ocrx_word' id='word_1_187' title='bbox 1127 2473 1167 2515; x_wconf 84' lang='lat' dir='ltr'><strong>ex</strong></span> <span class='ocrx_word' id='word_1_188' title='bbox 1195 2455 1301 2539; x_wconf 72' lang='lat' dir='ltr'><strong>nigris</strong></span> 
     </span>
     <span class='ocr_line' id='line_1_22' title="bbox 257 2549 1301 2636; baseline 0.003 -19"><span class='ocrx_word' id='word_1_189' title='bbox 257 2573 377 2624; x_wconf 82' lang='lat' dir='ltr'><strong>amara.</strong></span> <span class='ocrx_word' id='word_1_190' title='bbox 403 2573 443 2614; x_wconf 85' lang='lat' dir='ltr'><strong>ex</strong></span> <span class='ocrx_word' id='word_1_191' title='bbox 466 2549 704 2614; x_wconf 72' lang='lat' dir='ltr'><strong>candidioribus</strong></span> <span class='ocrx_word' id='word_1_192' title='bbox 728 2553 820 2634; x_wconf 88' lang='lat' dir='ltr'><strong>potui</strong></span> <span class='ocrx_word' id='word_1_193' title='bbox 847 2553 1001 2624; x_wconf 82' lang='lat' dir='ltr'><strong>ineunda.</strong></span> <span class='ocrx_word' id='word_1_194' title='bbox 1034 2573 1113 2636; x_wconf 88' lang='lat' dir='ltr'><strong>quae</strong></span> <span class='ocrx_word' id='word_1_195' title='bbox 1129 2555 1169 2617; x_wconf 86' lang='lat' dir='ltr'><strong>de</strong></span> <span class='ocrx_word' id='word_1_196' title='bbox 1186 2558 1301 2620; x_wconf 74' lang='lat' dir='ltr'><strong>cannis</strong></span> 
     </span>
     <span class='ocr_line' id='line_1_23' title="bbox 257 2649 1297 2737; baseline 0 -19"><span class='ocrx_word' id='word_1_197' title='bbox 257 2655 441 2718; x_wconf 79' lang='lat' dir='ltr'><strong>racchannts</strong></span> <span class='ocrx_word' id='word_1_198' title='bbox 467 2653 618 2737; x_wconf 81' lang='lat' dir='ltr'><strong>intelligit</strong></span> <span class='ocrx_word' id='word_1_199' title='bbox 650 2649 779 2716; x_wconf 76' lang='lat' dir='ltr'><strong>Salmas.</strong></span> <span class='ocrx_word' id='word_1_200' title='bbox 813 2655 847 2716; x_wconf 92' lang='lat' dir='ltr'><strong>in</strong></span> <span class='ocrx_word' id='word_1_201' title='bbox 874 2655 977 2718; x_wconf 75' lang='lat' dir='ltr'><strong>uoltu.</strong></span> <span class='ocrx_word' id='word_1_202' title='bbox 1000 2675 1032 2737; x_wconf 88' lang='lat' dir='ltr'><strong>p.</strong></span> <span class='ocrx_word' id='word_1_203' title='bbox 1052 2677 1095 2720; x_wconf 87' lang='lat' dir='ltr'><strong>ru.</strong></span> <span class='ocrx_word' id='word_1_204' title='bbox 1115 2657 1201 2736; x_wconf 76' lang='lat'><strong>916.</strong></span> <span class='ocrx_word' id='word_1_205' title='bbox 1238 2657 1297 2720; x_wconf 87' lang='lat' dir='ltr'><strong>etli</strong></span> 
     </span>
     <span class='ocr_line' id='line_1_24' title="bbox 254 2753 1298 2840; baseline 0.004 -21"><span class='ocrx_word' id='word_1_206' title='bbox 254 2753 381 2819; x_wconf 67' lang='lat' dir='ltr'><strong>vossius</strong></span> <span class='ocrx_word' id='word_1_207' title='bbox 393 2767 548 2840; x_wconf 78' lang='lat' dir='ltr'><strong>repugnat</strong></span> <span class='ocrx_word' id='word_1_208' title='bbox 559 2768 591 2815; x_wconf 84' lang='lat' dir='ltr'><strong>et</strong></span> <span class='ocrx_word' id='word_1_209' title='bbox 605 2755 645 2816; x_wconf 90' lang='lat' dir='ltr'><strong>de</strong></span> <span class='ocrx_word' id='word_1_210' title='bbox 661 2753 792 2817; x_wconf 80' lang='lat' dir='ltr'><strong>stillante</strong></span> <span class='ocrx_word' id='word_1_211' title='bbox 805 2755 851 2815; x_wconf 88' lang='lat' dir='ltr'><strong>ibi</strong></span> <span class='ocrx_word' id='word_1_212' title='bbox 866 2756 978 2820; x_wconf 86' lang='lat' dir='ltr'><strong>arbore</strong></span> <span class='ocrx_word' id='word_1_213' title='bbox 992 2760 1135 2839; x_wconf 85' lang='lat' dir='ltr'><strong>explicat.</strong></span> <span class='ocrx_word' id='word_1_214' title='bbox 1164 2758 1298 2823; x_wconf 86' lang='lat' dir='ltr'><strong>Cannae</strong></span> 
     </span>
     <span class='ocr_line' id='line_1_25' title="bbox 253 2855 1299 2945; baseline 0.003 -22"><span class='ocrx_word' id='word_1_215' title='bbox 253 2861 354 2923; x_wconf 86' lang='lat' dir='ltr'><strong>etiam</strong></span> <span class='ocrx_word' id='word_1_216' title='bbox 377 2857 570 2920; x_wconf 83' lang='lat' dir='ltr'><strong>incoharinae</strong></span> <span class='ocrx_word' id='word_1_217' title='bbox 592 2855 688 2919; x_wconf 87' lang='lat' dir='ltr'><strong>leriua</strong></span> <span class='ocrx_word' id='word_1_218' title='bbox 708 2857 747 2919; x_wconf 90' lang='lat' dir='ltr'><strong>ab</strong></span> <span class='ocrx_word' id='word_1_219' title='bbox 769 2855 916 2939; x_wconf 81' lang='lat' dir='ltr'><strong>Hispania</strong></span> <span class='ocrx_word' id='word_1_220' title='bbox 936 2857 1004 2941; x_wconf 85' lang='lat' dir='ltr'><strong>poll</strong></span> <span class='ocrx_word' id='word_1_221' title='bbox 1021 2863 1299 2945; x_wconf 82' lang='lat' dir='ltr'><strong>expugnationem</strong></span> 
     </span>
     <span class='ocr_line' id='line_1_26' title="bbox 251 2957 1297 3045; baseline 0.001 -20"><span class='ocrx_word' id='word_1_222' title='bbox 251 2960 423 3025; x_wconf 81' lang='lat' dir='ltr'><strong>insularum</strong></span> <span class='ocrx_word' id='word_1_223' title='bbox 446 2960 591 3022; x_wconf 82' lang='lat' dir='ltr'><strong>invectae</strong></span> <span class='ocrx_word' id='word_1_224' title='bbox 617 2957 699 3020; x_wconf 82' lang='lat' dir='ltr'><strong>lunt.</strong></span> <span class='ocrx_word' id='word_1_225' title='bbox 752 2959 934 3021; x_wconf 84' lang='lat' dir='ltr'><strong>Harduinua</strong></span> <span class='ocrx_word' id='word_1_226' title='bbox 949 2960 987 3020; x_wconf 86' lang='lat' dir='ltr'><strong>ad</strong></span> <span class='ocrx_word' id='word_1_227' title='bbox 1011 2961 1094 3025; x_wconf 89' lang='lat' dir='ltr'><strong>Plin.</strong></span> <span class='ocrx_word' id='word_1_228' title='bbox 1115 2963 1179 3025; x_wconf 79' lang='lat' dir='ltr'><strong>nl.</strong></span> <span class='ocrx_word' id='word_1_229' title='bbox 1200 2975 1297 3045; x_wconf 86' lang='lat' dir='ltr'><strong>putat</strong></span> 
     </span>
     <span class='ocr_line' id='line_1_27' title="bbox 252 3053 1295 3151; baseline -0.001 -23"><span class='ocrx_word' id='word_1_230' title='bbox 252 3063 361 3128; x_wconf 86' lang='lat' dir='ltr'><strong>elleh.</strong></span> <span class='ocrx_word' id='word_1_231' title='bbox 378 3060 455 3122; x_wconf 84' lang='lat' dir='ltr'><strong>l’isle</strong></span> <span class='ocrx_word' id='word_1_232' title='bbox 475 3053 591 3151; x_wconf 79' lang='lat' dir='ltr'><strong>defer.</strong></span> <span class='ocrx_word' id='word_1_233' title='bbox 629 3061 767 3122; x_wconf 84' lang='lat' dir='ltr'><strong>Alteram</strong></span> <span class='ocrx_word' id='word_1_234' title='bbox 788 3061 946 3142; x_wconf 85' lang='lat' dir='ltr'><strong>adpellant</strong></span> <span class='ocrx_word' id='word_1_235' title='bbox 960 3063 1147 3134; x_wconf 82' lang='lat' dir='ltr'><strong>Iunoniam.</strong></span> <span class='ocrx_word' id='word_1_236' title='bbox 1173 3065 1208 3123; x_wconf 91' lang='lat' dir='ltr'><strong>in</strong></span> <span class='ocrx_word' id='word_1_237' title='bbox 1227 3084 1295 3146; x_wconf 78' lang='lat' dir='ltr'><strong>qua</strong></span> 
     </span>
     <span class='ocr_line' id='line_1_28' title="bbox 252 3157 1294 3254; baseline -0.002 -26"><span class='ocrx_word' id='word_1_238' title='bbox 252 3165 394 3228; x_wconf 84' lang='lat' dir='ltr'><strong>aedicula</strong></span> <span class='ocrx_word' id='word_1_239' title='bbox 410 3163 446 3224; x_wconf 88' lang='lat' dir='ltr'><strong>lit</strong></span> <span class='ocrx_word' id='word_1_240' title='bbox 463 3175 589 3224; x_wconf 88' lang='lat' dir='ltr'><strong>tantum</strong></span> <span class='ocrx_word' id='word_1_241' title='bbox 605 3163 709 3244; x_wconf 84' lang='lat' dir='ltr'><strong>lapide</strong></span> <span class='ocrx_word' id='word_1_242' title='bbox 725 3161 886 3226; x_wconf 85' lang='lat' dir='ltr'><strong>exllructa.</strong></span> <span class='ocrx_word' id='word_1_243' title='bbox 926 3163 1112 3226; x_wconf 87' lang='lat' dir='ltr'><strong>Ptolemaeo</strong></span> <span class='ocrx_word' id='word_1_244' title='bbox 1128 3157 1294 3254; x_wconf 74' lang='lat' dir='ltr'><strong>ell⁰Hpa;</strong></span> 
     </span>
     <span class='ocr_line' id='line_1_29' title="bbox 250 3262 1296 3352; baseline -0.002 -21"><span class='ocrx_word' id='word_1_245' title='bbox 250 3267 355 3352; x_wconf 72' lang='grc' dir='ltr'><strong>νῆσος.</strong></span> <span class='ocrx_word' id='word_1_246' title='bbox 399 3265 506 3328; x_wconf 82' lang='lat' dir='ltr'><strong>Seboli</strong></span> <span class='ocrx_word' id='word_1_247' title='bbox 535 3276 641 3326; x_wconf 87' lang='lat' dir='ltr'><strong>tamen</strong></span> <span class='ocrx_word' id='word_1_248' title='bbox 668 3265 837 3326; x_wconf 87' lang='lat' dir='ltr'><strong>Iunoniam</strong></span> <span class='ocrx_word' id='word_1_249' title='bbox 865 3262 1019 3326; x_wconf 83' lang='lat' dir='ltr'><strong>diversam</strong></span> <span class='ocrx_word' id='word_1_250' title='bbox 1049 3266 1087 3327; x_wconf 92' lang='lat' dir='ltr'><strong>ab</strong></span> <span class='ocrx_word' id='word_1_251' title='bbox 1117 3266 1174 3327; x_wconf 86' lang='lat' dir='ltr'><strong>hac</strong></span> <span class='ocrx_word' id='word_1_252' title='bbox 1197 3279 1296 3349; x_wconf 82' lang='lat' dir='ltr'><strong>putat</strong></span> 
     </span>
     <span class='ocr_line' id='line_1_30' title="bbox 250 3364 1293 3441; baseline -0.001 -10"><span class='ocrx_word' id='word_1_253' title='bbox 250 3368 435 3431; x_wconf 84' lang='lat' dir='ltr'><strong>Harduinue</strong></span> <span class='ocrx_word' id='word_1_254' title='bbox 456 3367 495 3428; x_wconf 79' lang='lat' dir='ltr'><strong>ed</strong></span> <span class='ocrx_word' id='word_1_255' title='bbox 518 3367 602 3428; x_wconf 90' lang='lat' dir='ltr'><strong>Plin.</strong></span> <span class='ocrx_word' id='word_1_256' title='bbox 619 3386 646 3426; x_wconf 89' lang='lat' dir='ltr'><strong>c.</strong></span> <span class='ocrx_word' id='word_1_257' title='bbox 663 3364 683 3427; x_wconf 92' lang='lat' dir='ltr'><strong>l.</strong></span> <span class='ocrx_word' id='word_1_258' title='bbox 708 3365 793 3426; x_wconf 89' lang='lat' dir='ltr'><strong>illam</strong></span> <span class='ocrx_word' id='word_1_259' title='bbox 817 3365 876 3428; x_wconf 86' lang='lat' dir='ltr'><strong>elle</strong></span> <span class='ocrx_word' id='word_1_260' title='bbox 900 3366 933 3429; x_wconf 92' lang='lat' dir='ltr'><strong>h.</strong></span> <span class='ocrx_word' id='word_1_261' title='bbox 956 3365 1031 3427; x_wconf 80' lang='lat' dir='ltr'><strong>l&#39;isle</strong></span> <span class='ocrx_word' id='word_1_262' title='bbox 1046 3368 1293 3441; x_wconf 78' lang='lat' dir='ltr'><strong>Fortunenture,</strong></span> 
     </span>
     <span class='ocr_line' id='line_1_31' title="bbox 248 3467 1294 3533; baseline 0.001 -1"><span class='ocrx_word' id='word_1_263' title='bbox 248 3469 332 3532; x_wconf 85' lang='lat' dir='ltr'><strong>hano</strong></span> <span class='ocrx_word' id='word_1_264' title='bbox 351 3469 390 3529; x_wconf 81' lang='lat' dir='ltr'><strong>de</strong></span> <span class='ocrx_word' id='word_1_265' title='bbox 413 3467 535 3531; x_wconf 83' lang='lat' dir='ltr'><strong>Gomer.</strong></span> <span class='ocrx_word' id='word_1_266' title='bbox 586 3467 729 3528; x_wconf 87' lang='lat' dir='ltr'><strong>Tertiam</strong></span> <span class='ocrx_word' id='word_1_267' title='bbox 748 3467 874 3530; x_wconf 71' lang='lat' dir='ltr'><strong>Plinius</strong></span> <span class='ocrx_word' id='word_1_268' title='bbox 892 3482 925 3529; x_wconf 87' lang='lat' dir='ltr'><strong>et</strong></span> <span class='ocrx_word' id='word_1_269' title='bbox 938 3468 1066 3530; x_wconf 81' lang='lat' dir='ltr'><strong>Solinus</strong></span> <span class='ocrx_word' id='word_1_270' title='bbox 1088 3471 1203 3531; x_wconf 90' lang='lat' dir='ltr'><strong>eodem</strong></span> <span class='ocrx_word' id='word_1_271' title='bbox 1230 3489 1294 3533; x_wconf 90' lang='lat' dir='ltr'><strong>no·</strong></span> 
     </span>
     <span class='ocr_line' id='line_1_32' title="bbox 249 3569 1293 3635; baseline 0.001 -2"><span class='ocrx_word' id='word_1_272' title='bbox 249 3575 338 3634; x_wconf 86' lang='lat' dir='ltr'><strong>mine</strong></span> <span class='ocrx_word' id='word_1_273' title='bbox 371 3573 533 3631; x_wconf 85' lang='lat' dir='ltr'><strong>minorem</strong></span> <span class='ocrx_word' id='word_1_274' title='bbox 556 3581 684 3632; x_wconf 83' lang='lat' dir='ltr'><strong>vocant.</strong></span> <span class='ocrx_word' id='word_1_275' title='bbox 736 3569 800 3630; x_wconf 90' lang='lat' dir='ltr'><strong>Pro</strong></span> <span class='ocrx_word' id='word_1_276' title='bbox 826 3569 931 3630; x_wconf 82' lang='lat' dir='ltr'><strong>andem</strong></span> <span class='ocrx_word' id='word_1_277' title='bbox 961 3572 1084 3630; x_wconf 83' lang='lat' dir='ltr'><strong>nomine</strong></span> <span class='ocrx_word' id='word_1_278' title='bbox 1109 3570 1293 3635; x_wconf 68' lang='lat' dir='ltr'><strong>martianus</strong></span> 
     </span>
    </p>

    <p class='ocr_par' dir='ltr' id='par_1_3' title="bbox 245 3657 1314 4062">
     <span class='ocr_line' id='line_1_33' title="bbox 248 3657 1314 3754; baseline 0 -20"><span class='ocrx_word' id='word_1_279' title='bbox 248 3674 381 3735; x_wconf 85' lang='lat' dir='ltr'><strong>ridicule</strong></span> <span class='ocrx_word' id='word_1_280' title='bbox 402 3672 537 3754; x_wconf 79' lang='lat' dir='ltr'><strong>atlpellat</strong></span> <span class='ocrx_word' id='word_1_281' title='bbox 563 3669 714 3731; x_wconf 77' lang='lat' dir='ltr'><strong>Theodem</strong></span> <span class='ocrx_word' id='word_1_282' title='bbox 731 3668 752 3731; x_wconf 88' lang='lat' dir='ltr'><strong>s.</strong></span> <span class='ocrx_word' id='word_1_283' title='bbox 774 3670 914 3734; x_wconf 72' lang='lat' dir='ltr'><strong>Tendens.</strong></span> <span class='ocrx_word' id='word_1_284' title='bbox 954 3672 1021 3731; x_wconf 89' lang='lat' dir='ltr'><strong>Viri</strong></span> <span class='ocrx_word' id='word_1_285' title='bbox 1042 3673 1138 3742; x_wconf 86' lang='lat' dir='ltr'><strong>docti,</strong></span> <span class='ocrx_word' id='word_1_286' title='bbox 1166 3657 1314 3734; x_wconf 43' lang='lat' dir='ltr'><strong>salma-⁵</strong></span> 
     </span>
     <span class='ocr_line' id='line_1_34' title="bbox 248 3767 1291 3861; baseline 0.003 -27"><span class='ocrx_word' id='word_1_287' title='bbox 248 3773 309 3836; x_wconf 83' lang='lat' dir='ltr'><strong>fiua</strong></span> <span class='ocrx_word' id='word_1_288' title='bbox 326 3795 352 3836; x_wconf 86' lang='lat' dir='ltr'><strong>o.</strong></span> <span class='ocrx_word' id='word_1_289' title='bbox 370 3773 392 3836; x_wconf 92' lang='lat' dir='ltr'><strong>l.</strong></span> <span class='ocrx_word' id='word_1_290' title='bbox 410 3793 479 3858; x_wconf 82' lang='lat' dir='ltr'><strong>pag.</strong></span> <span class='ocrx_word' id='word_1_291' title='bbox 497 3787 581 3854; x_wconf 82' lang='lat'><strong>927.</strong></span> <span class='ocrx_word' id='word_1_292' title='bbox 601 3771 631 3833; x_wconf 91' lang='lat' dir='ltr'><strong>b.</strong></span> <span class='ocrx_word' id='word_1_293' title='bbox 656 3786 688 3834; x_wconf 94' lang='lat' dir='ltr'><strong>et</strong></span> <span class='ocrx_word' id='word_1_294' title='bbox 708 3773 891 3834; x_wconf 85' lang='lat' dir='ltr'><strong>Harduinne</strong></span> <span class='ocrx_word' id='word_1_295' title='bbox 913 3772 1087 3835; x_wconf 87' lang='lat' dir='ltr'><strong>Ptolemaei</strong></span> <span class='ocrx_word' id='word_1_296' title='bbox 1103 3767 1291 3861; x_wconf 68' lang='grc' dir='ltr'>ἀπρόσιτον</span> 
     </span>
     <span class='ocr_line' id='line_1_35' title="bbox 246 3869 1289 3958; baseline -0.002 -18"><span class='ocrx_word' id='word_1_297' title='bbox 246 3875 341 3958; x_wconf 70' lang='grc' dir='ltr'><strong><em>νῆσον</em></strong></span> <span class='ocrx_word' id='word_1_298' title='bbox 359 3889 483 3958; x_wconf 81' lang='lat' dir='ltr'><strong>putant.</strong></span> <span class='ocrx_word' id='word_1_299' title='bbox 506 3875 641 3936; x_wconf 88' lang='lat' dir='ltr'><strong>eandem</strong></span> <span class='ocrx_word' id='word_1_300' title='bbox 651 3869 775 3936; x_wconf 84' lang='lat' dir='ltr'><strong>Voffiua</strong></span> <span class='ocrx_word' id='word_1_301' title='bbox 791 3875 827 3934; x_wconf 89' lang='lat' dir='ltr'><strong>ad</strong></span> <span class='ocrx_word' id='word_1_302' title='bbox 844 3875 962 3936; x_wconf 84' lang='lat' dir='ltr'><strong>Melam</strong></span> <span class='ocrx_word' id='word_1_303' title='bbox 978 3875 1011 3936; x_wconf 89' lang='lat' dir='ltr'><strong>h.</strong></span> <span class='ocrx_word' id='word_1_304' title='bbox 1028 3876 1050 3935; x_wconf 92' lang='lat' dir='ltr'><strong>l.</strong></span> <span class='ocrx_word' id='word_1_305' title='bbox 1075 3895 1153 3956; x_wconf 86' lang='lat' dir='ltr'><strong>quae</strong></span> <span class='ocrx_word' id='word_1_306' title='bbox 1172 3874 1289 3958; x_wconf 82' lang='lat' dir='ltr'><strong>Hispa·</strong></span> 
     </span>
     <span class='ocr_line' id='line_1_36' title="bbox 245 3974 1288 4062; baseline 0.002 -20"><span class='ocrx_word' id='word_1_307' title='bbox 245 3979 298 4042; x_wconf 83' lang='lat' dir='ltr'><strong>uia</strong></span> <span class='ocrx_word' id='word_1_308' title='bbox 311 3975 353 4040; x_wconf 77' lang='lat' dir='ltr'><strong>eli</strong></span> <span class='ocrx_word' id='word_1_309' title='bbox 368 3975 402 4038; x_wconf 84' lang='lat' dir='ltr'><strong>lo</strong></span> <span class='ocrx_word' id='word_1_310' title='bbox 417 3975 595 4040; x_wconf 72' lang='lat' dir='ltr'><strong>decantado</strong></span> <span class='ocrx_word' id='word_1_311' title='bbox 612 3989 646 4040; x_wconf 90' lang='lat' dir='ltr'><strong>et</strong></span> <span class='ocrx_word' id='word_1_312' title='bbox 659 3975 694 4038; x_wconf 85' lang='lat' dir='ltr'><strong>la</strong></span> <span class='ocrx_word' id='word_1_313' title='bbox 706 3997 770 4040; x_wconf 84' lang='lat' dir='ltr'><strong>non</strong></span> <span class='ocrx_word' id='word_1_314' title='bbox 787 3977 936 4050; x_wconf 77' lang='lat' dir='ltr'><strong>trovada,</strong></span> <span class='ocrx_word' id='word_1_315' title='bbox 963 3997 998 4040; x_wconf 85' lang='lat' dir='ltr'><strong>ac</strong></span> <span class='ocrx_word' id='word_1_316' title='bbox 1012 3974 1139 4062; x_wconf 77' lang='lat' dir='ltr'><strong>insuper</strong></span> <span class='ocrx_word' id='word_1_317' title='bbox 1153 3979 1187 4042; x_wconf 87' lang='lat' dir='ltr'><strong>S.</strong></span> <span class='ocrx_word' id='word_1_318' title='bbox 1200 3978 1288 4044; x_wconf 80' lang='lat' dir='ltr'><strong>Bro-</strong></span> 
     </span>
    </p>
   </div>
   <div class='ocr_carea' id='block_1_3' title="bbox 0 0 1378 4894">
    <p class='ocr_par' dir='ltr' id='par_1_4' title="bbox 0 0 1378 4894">
     <span class='ocr_line' id='line_1_37' title="bbox 0 0 1378 4894; baseline 0 11"><span class='ocrx_word' id='word_1_319' title='bbox 0 0 1378 4894; x_wconf 95' lang='lat' dir='ltr'><strong> </strong></span> 
     </span>
    </p>
   </div>
  </div>
 </body>
</html>
