2696 4896
169 411 224 469 ru
252 411 389 472 noun.
417 413 524 470 unc.
566 412 676 470 nm.
718 411 824 475 orn.
865 413 946 487 aa.
1028 425 1087 490 ²⁰⁷

1 655 2 660 γ
61 587 257 668 etEuropae
282 600 404 668 partem
422 586 586 670 ‘occupalle
611 587 709 650 addit.
767 587 817 648 Ex
841 605 926 668 quo,
960 585 1088 670 opinor,

61 689 184 770 intelligi
202 687 303 770 potell
318 689 500 752 Avienuev.
517 699 600 766 854.
620 688 686 758 ubi,
705 699 783 750 truce
796 689 956 759 Sarmata,
974 689 1089 771 inquit,

59 789 158 850 bellica
182 788 345 870 quondum
366 789 475 851 Gentis
489 789 721 852 Amazonidum
735 781 879 881 soboles.
905 792 998 852 cuius
1021 810 1091 852 cau·

56 890 109 952 iam
127 890 343 952 lubminillrat
356 893 539 954 Herodotus
553 903 587 972 4,
608 905 689 972 113.
705 889 726 954 i.
744 912 782 954 ex
800 893 999 954 Amazonum
1015 911 1092 954 cum

52 995 177 1071 Scythia
201 993 434 1054 commistione.
476 991 528 1057 Cl.
555 995 593 1054 arl
623 993 740 1055 Melam
763 1014 791 1061 ι.
821 1011 957 1074 19,19.
1011 995 1092 1056 inde

53 1114 129 1155 nero
146 1095 246 1155 etiam
262 1094 460 1178 intelligitur,
487 1115 541 1156 cur
552 1094 635 1156 Mela
651 1095 703 1155 laic
720 1094 759 1156 de
775 1093 985 1156 Sarmatarum
1003 1093 1095 1156 femi·

54 1198 101 1257 nie
123 1209 247 1265 narret,
273 1215 351 1275 quaa
368 1198 441 1258 aliae
457 1197 701 1264 Sauromatiset
718 1195 934 1260 Amazonibus
951 1195 1094 1258 tribuun-

53 1311 114 1378 tur.
158 1296 316 1358 Posterior
331 1301 426 1358 etiam
443 1313 524 1360 aetas
544 1299 743 1360 Sauromatas
758 1301 903 1367 vocavit,
929 1312 964 1357 ut
980 1297 1095 1360 Vibiue

54 1400 150 1480 Sequ.
169 1419 202 1479 p.
217 1398 274 1474 36.
304 1399 419 1482 Geugr.
430 1399 574 1462 Ravenn.
592 1409 626 1478 4,
643 1410 678 1478 4.
704 1400 758 1479 qul
775 1418 829 1482 per
845 1397 927 1480 iploe
943 1398 1095 1461 villulam

56 1505 191 1560 transire
214 1498 328 1562 scribit.
388 1503 460 1562 Fuit
483 1516 588 1562 autem
613 1501 763 1562 Sarmatia
796 1501 929 1582 duplex,
967 1500 1097 1564 turrice

56 1603 138 1662 iuter
157 1603 187 1660 Τ
189 1602 293 1661 anaim
314 1614 346 1662 et
370 1602 456 1673 llha,
483 1605 645 1684 Europaeo
667 1603 751 1664 inter
770 1602 911 1664 Pontum
927 1601 1097 1663 Euxinum

59 1717 90 1764 et
104 1703 242 1762 Tanaim
257 1703 295 1761 ael
313 1703 461 1764 Villulam
482 1721 592 1784 neque,
630 1705 804 1784 Utramque
820 1701 978 1784 descripsit
992 1703 1098 1765 Ptole·

57 1824 167 1866 maeno
186 1818 219 1878 3,
236 1817 267 1880 5.
284 1817 316 1864 et
331 1815 363 1882 5,
380 1817 413 1882 5.
465 1807 513 1866 De
529 1807 579 1866 illa
596 1805 647 1868 bic
663 1806 701 1866 acl
719 1804 965 1886 explicationem
982 1804 1097 1868 Melae.

57 1910 85 1968 t
111 1905 340 1988 septemtrione
365 1908 464 1990 igitur
490 1907 600 1969 desinit
627 1907 756 1970 Oceano
784 1907 979 1976 Sarmatico,
1012 1905 1100 1966 iuxta

62 2007 161 2067 finum
183 2009 391 2076 Venedicum,
410 2023 442 2069 et
457 2023 543 2090 parte
562 2021 660 2070 terrae
678 2009 870 2093 incognitae,
885 2007 924 2068 ad
940 2007 1099 2070 orientem

62 2109 231 2170 Sarmatiae
253 2109 375 2192 plagam
395 2129 492 2190 prope
509 2113 660 2182 Tanairn3
686 2111 722 2170 ad
746 2107 887 2171 occasum
904 2107 1036 2182 villulam
1061 2106 1100 2169 ab

62 2211 164 2272 aullro
182 2211 360 2272 Sarmaticie
376 2212 551 2284 montibus,
576 2211 754 2294 lazygibue,
783 2210 970 2282 Metanallie,
993 2210 1100 2282 Dacia,

61 2311 262 2390 Borysthene
278 2325 313 2386 et
324 2311 493 2376 Carcinite.
546 2315 637 2396 Quae
652 2313 854 2374 Ptolemaeus
869 2311 1031 2374 delinitiue
1048 2313 1102 2372 de·

60 2413 177 2497 ligarat,
209 2412 322 2473 Noller
344 2414 473 2475 breniae
492 2417 690 2497 omninoque
712 2414 840 2476 indicat.
891 2413 995 2475 Habet
1014 2413 1103 2475 enim

63 2518 223 2576 terminos
244 2515 431 2576 nominibus
449 2515 509 2578 luia
533 2530 659 2578 notatos
675 2515 823 2576 l'illnlam
845 2527 877 2575 et
899 2515 1031 2585 illrum,
1058 2531 1106 2574 re·

63 2616 146 2698 liqna
165 2615 266 2677 verbo
281 2617 368 2678 intus
383 2619 583 2698 complexus,
616 2619 649 2677 in
668 2617 780 2698 primia
801 2613 909 2678 verlua
932 2617 1103 2684 orientem,

64 2717 118 2779 nbi
140 2719 236 2778 latior
257 2717 298 2780 ell
323 2720 407 2780 iuxta
431 2721 564 2780 Tanaim
581 2733 614 2780 et
633 2705 801 2786 lxama'tae,
831 2736 925 2798 quam
948 2717 1104 2779 animare.

63 2819 174 2882 Plurce
200 2838 276 2880 vero
294 2819 499 2883 Ptolemaeus
521 2818 660 2882 recenlet
679 2819 834 2902 populna,
866 2819 899 2879 in
920 2817 1034 2900 quibua
1049 2819 1105 2878 ali·

64 2923 120 3001 qni
143 2923 244 2980 etiam
267 2920 340 2981 alibi
363 2923 510 2984 Sarmatia
527 2921 641 2984 diserte
661 2919 885 2989 aduenientur,
912 2932 949 2980 ut
971 2921 1106 3001 Iazyges

66 3023 246 3082 Sarmatae.
271 3019 402 3104 (Strabo
418 3039 450 3098 7.
474 3045 505 3105 p.
519 3039 600 3085 212.
618 3021 638 3086 l,
657 3023 740 3102 806.
769 3021 852 3083 Plin.
871 3029 906 3104 4,
929 3031 987 3095 28.
1005 3020 1025 3083 l.
1050 3035 1106 3083 ια.

66 3125 169 3186 Tacit.
195 3127 277 3185 nnn.
300 3140 354 3192 aa,
374 3141 434 3204 29.
448 3157 499 3172 --
521 3126 642 3206 dequo
659 3123 844 3184 Harduinua
861 3123 900 3184 ad
918 3123 1001 3185 Plin.
1018 3141 1044 3183 c.
1063 3116 1107 3202 1.)

66 3225 105 3285 ln
128 3227 187 3287 illo
211 3237 309 3286 tractu
329 3245 401 3288 curn
418 3227 603 3287 Ptolemaeo
619 3223 732 3286 Strabo
754 3225 846 3306 ponit
863 3225 958 3284 etiam
974 3219 1107 3314 Bastar·

65 3347 146 3396 nas,
173 3325 362 3388 Roxolanos
382 3328 521 3408 aliosque
543 3340 712 3408 praeterea.
754 3326 806 3386 Sic
820 3325 942 3405 aliquae
959 3323 1108 3402 Scythiae

65 3429 251 3510 Europaeac
269 3425 414 3489 adscribit
432 3429 515 3491 lltlela
534 3443 566 3497 a.
590 3449 617 3491 ι.
645 3429 699 3509 qui
719 3428 752 3487 in
770 3426 920 3488 Sarmatia
938 3434 1111 3486 occurrunt

65 3533 152 3612 apud
172 3529 414 3600 Ptolemaeum,
440 3531 487 3590 uti
511 3530 604 3592 docet
620 3529 814 3611 comparatio
833 3527 997 3608 utriunque
1018 3523 1108 3587 iacta.

65 3631 154 3693 Mela
172 3633 270 3714 igitur
284 3631 337 3692 vel
359 3632 439 3693 male
457 3631 564 3693 divisit
579 3631 780 3702 Sarmatiam,
814 3628 867 3691 vel
887 3641 1008 3710 partem
1028 3645 1109 3696 eam,

1 3731 2 3744 ¹
65 3753 149 3816 quae
172 3733 311 3814 adtingit
333 3733 481 3814 paludem
508 3747 540 3795 et
561 3732 716 3802 Pontum,
739 3750 755 3792 a
781 3729 935 3792 Sarmatia
958 3727 1110 3799 distinxit,

66 3837 111 3896 ita
135 3847 173 3896 ut
196 3835 347 3896 interiora
376 3829 508 3896 definire
532 3852 600 3896 non
628 3831 822 3902 lullinuerit,
855 3843 1071 3913 praeterquam
1094 3848 1113 3891 a

65 3936 188 4000 vittata
204 3936 244 3997 ad
259 3935 456 3998 Danubium.
498 3935 584 3996 Hinc
601 3935 641 3994 tle
664 3931 813 3994 Danubio
832 3949 862 4002 a,
883 3950 912 4004 t,
931 3941 965 4010 8.
986 3937 1033 3994 At
1052 3931 1112 4002 ille,

65 4039 194 4122 inquit,
228 4038 282 4118 qui
308 4037 455 4118 Scythiae
479 4035 657 4118 populosa
673 4025 879 4125 fiquentibus
900 4033 1042 4103 dirimit,
1077 4044 1112 4093 et

68 4135 227 4207 Sarmatia
238 4138 341 4202 Melae
357 4153 512 4224 tempore,
531 4137 582 4202 vel
598 4155 639 4200 ex
656 4138 725 4202 eiua
742 4137 896 4221 opinione
911 4135 951 4200 etl
968 4131 1113 4200 occasum
