2746 4894
178 459 231 520 rn
260 458 396 519 tour.
424 457 530 514 Mat.
571 455 608 514 t.
630 458 685 516 nr.
725 455 862 518 evm·
903 457 981 528 lt·
1044 465 1110 537 etr

220 635 251 711 §.
279 649 314 710 7.
365 627 575 714 undique)
625 629 770 693 Fuerunt
789 642 915 702 tamen,
937 631 993 714 qui
1009 631 1113 718 Aegy·

63 745 164 817 ptum
192 735 288 798 rubro
318 737 399 796 mari
425 735 651 803 terminarunt,
685 747 723 794 ut
745 732 828 792 libro
855 735 972 796 ultimo
998 734 1113 799 Strabo
1204 805 1212 828 ι

65 835 189 898 scribit.
224 829 393 922 [Vid.17.
415 857 487 919 pag.
505 847 588 912 535.
609 832 629 896 l.
646 835 731 912 806.
765 834 807 894 Et
824 833 864 894 fio
886 835 1064 899 Marcianus
1078 839 1115 899 in

65 937 196 1019 periplo
220 959 291 1022 pag.
315 958 369 998 rt.
387 935 532 1018 (liudi.)
554 927 666 1023 πρώτη
690 925 774 998 ἐστὶν
800 927 818 1018 ἦ
840 927 1007 1020 Αἴγυπτος
1028 935 1115 1027 μέρει

65 1030 133 1102 τινὶ
160 1039 332 1120 praeteritus
359 1039 410 1121 τῷ
436 1030 582 1122 sitnm]
635 1037 763 1098 Horum
790 1033 944 1100 lententia
964 1040 1116 1124 Aegyptii

67 1155 197 1222 partem
226 1161 299 1202 orae
325 1141 475 1202 occiduae
501 1151 629 1210 tenent,
668 1135 719 1201 led
746 1139 863 1200 rectius
886 1139 1040 1204 Arabibus
1062 1143 1117 1204 tri·

68 1241 191 1328 bueria.
232 1241 436 1306 Ptolemaeus
457 1236 511 1328 [4.
529 1233 583 1325 5.]
609 1241 778 1302 contractis
794 1241 981 1305 nominibus
999 1243 1117 1307 Arabes

68 1345 253 1425 Aegyptios
268 1357 339 1405 toto
357 1345 449 1405 litore
463 1345 603 1424 adusque
618 1343 803 1424 Aethiopes,
828 1343 883 1421 qui
902 1341 957 1404 sub
970 1343 1117 1428 Aegypto

70 1442 162 1512 lunt,
188 1459 298 1515 vocat,
323 1463 399 1506 mox
417 1444 533 1507 Arabes
550 1441 655 1506 Adros
672 1444 917 1526 cognominatos
937 1445 1118 1530 Troglody-

71 1549 172 1614 ticae,
202 1566 284 1627 quos
307 1546 422 1608 Arabes
437 1549 555 1608 Autem
572 1558 604 1606 et
629 1542 813 1606 Gnebadsos
836 1538 912 1631 [alii
936 1541 1117 1634 Gebadeos]

71 1645 203 1710 Plinius
227 1639 282 1732 [6,
301 1661 358 1727 33.
382 1645 403 1710 l.
421 1642 502 1735 ao]
525 1658 629 1708 vocat.
680 1646 792 1716 Addo,
819 1648 904 1727 quod
927 1648 1044 1710 eodem
1065 1668 1120 1712 att·

71 1762 162 1810 ctore
189 1741 246 1835 [6,
272 1761 331 1828 34.
354 1747 375 1809 l.
396 1741 476 1833 29.]
506 1768 561 1810 rex
586 1746 665 1809 lube
688 1743 836 1818 tradidit,
867 1749 986 1812 accolae
1012 1749 1120 1814 Nilia

74 1849 185 1930 Syene
207 1869 275 1912 non
299 1849 498 1933 Aethiopum
519 1849 675 1932 populos,
709 1845 760 1911 led
776 1847 915 1911 Arabum
936 1849 996 1913 elle
1018 1871 1120 1934 usque

71 1953 111 2014 ad
128 1950 276 2013 Meroen.
303 1969 488 2014 venrsnvs.
528 1949 660 2014 Arabiae
674 1969 797 2012 nomon
813 1953 848 2012 in
861 1950 1010 2036 Aegypto
1024 1954 1121 2018 habet

72 2051 174 2116 etiam
201 2051 408 2116 Ptolemaeus
427 2063 461 2130 4.
485 2061 519 2129 5.
553 2065 587 2113 et
610 2064 696 2114 extra
723 2052 816 2114 Delta
842 2051 949 2116 verius
974 2053 1121 2118 Arabiam

73 2155 161 2218 duos
179 2154 269 2217 alios.
321 2156 371 2217 De
392 2152 546 2216 Arabibue
562 2153 728 2236 Aegyptiis
744 2155 809 2218 rid.
828 2155 925 2216 etiam
940 2154 1066 2220 Salmas.
1080 2157 1121 2218 ad

72 2257 179 2319 Solin.
199 2269 259 2336 53.
277 2253 299 2318 l.
318 2256 376 2334 36.
394 2277 427 2338 p.
444 2276 487 2315 m.
505 2263 579 2334 344
594 2253 637 2336 lq.
676 2255 730 2316 Sic
745 2253 821 2317 urbs
841 2257 980 2339 Aegypti
1000 2257 1122 2321 Heroo-

72 2359 177 2438 polir,
212 2357 299 2418 unde
323 2357 406 2418 linus
427 2357 685 2440 Heroopoliticus
702 2357 823 2427 dictus,
849 2357 888 2417 atl
904 2358 1056 2420 intimum
1075 2379 1123 2422 re·

74 2458 195 2520 eellum
222 2457 348 2521 Arabici
375 2459 458 2522 linus
483 2472 559 2520 erat.
606 2456 804 2538 cleopatra,
830 2455 964 2546 Arsinos
984 2473 1017 2521 st
1042 2461 1122 2524 alias

72 2561 217 2646 Aegypti
243 2559 337 2622 urbes
361 2560 399 2621 ad
426 2558 595 2621 Arabicum
622 2559 725 2621 linum
752 2558 907 2624 iacebant.
956 2562 1125 2647 Aegyptiis

75 2659 206 2722 subiicit
227 2661 407 2724 Marcianus
426 2679 453 2723 c.
476 2661 498 2724 l.
528 2655 827 2748 ’Δραβαιγυπτίους
849 2656 1121 2748 Ἰχθυοφάγους.
1212 2665 1219 2681 ’

75 2763 182 2846 Supra
200 2777 306 2824 tamen
324 2763 438 2825 etiam:
473 2763 545 2824 Im't
563 2764 700 2842 pertitus,
724 2763 826 2826 intror
842 2783 948 2846 nsque,
973 2764 1048 2826 dum
1065 2767 1125 2827 Ae·

75 2877 214 2947 gypsum
234 2885 333 2944 poene
347 2875 379 2924 et
399 2877 535 2925 montem
552 2861 688 2926 Arabiae
707 2858 836 2952 Castum
857 2863 1025 2944 adtingat.
1058 2867 1124 2926 Aut

75 2968 176 3052 igitur
192 2965 347 3027 Arabibus
368 2965 436 3028 illas
451 2963 546 3028 urbes
566 2961 695 3035 tribuit,
727 2976 783 3025 eut
803 2965 844 3028 ds
863 2967 984 3049 potiori
1005 2967 1125 3030 accola·

77 3088 154 3134 tum
179 3078 267 3150 parts
288 3067 381 3130 dixit.

159 3271 378 3351 incingitur
386 3267 405 3351 )
441 3269 468 3332 l.
487 3289 516 3334 s.
534 3269 653 3334 circum
671 3265 826 3332 habitant.
852 3267 905 3333 stc
918 3267 1041 3351 cingere
1054 3267 1126 3333 loca

80 3377 105 3440 i.
120 3393 152 3438 e.
170 3373 316 3438 circuire.
350 3372 423 3436 vid.
441 3371 586 3436 Gronov.
603 3367 728 3436 oblerv.
746 3384 779 3444 2,
796 3384 830 3452 3.

160 3573 216 3642 At
241 3581 282 3638 ea
308 3572 456 3656 perte)
505 3576 557 3639 Sic
578 3596 606 3645 t,
622 3583 658 3653 4.
679 3589 733 3650 1¹7.
753 3571 795 3635 ab
815 3571 875 3657 (al.
890 3566 946 3653 in)
968 3592 1005 3634 es
1022 3584 1124 3654 parte,

80 3701 166 3766 quae
180 3677 301 3762 Libyco
317 3675 452 3742 obiacet.
477 3671 539 3764 (al.
555 3671 716 3764 astant.)
748 3675 793 3738 Et
811 3673 899 3760 saepe
916 3673 1003 3738 alibi.
1035 3693 1127 3735 ctsc·

81 3799 218 3848 contre.

167 3981 309 4064 Cana)
359 3985 410 4044 De
430 3981 577 4048 lectionis
602 3982 755 4044 varietate
781 3981 972 4063 disceptatur
996 3979 1030 4040 in
1055 3991 1127 4045 not.

83 4088 156 4152 crit.
175 4105 247 4168 pag.
266 4097 338 4162 278
355 4083 417 4166 qu.
461 4079 551 4170 Κάνῃ
568 4099 675 4146 autem
697 4085 878 4166 emporium
893 4094 926 4144 et
942 4095 1128 4164 promonto-

80 4193 171 4253 rium
187 4183 301 4250 tlilerts
317 4187 352 4248 in
369 4185 509 4252 Ptolem.
526 4185 559 4258 6,
579 4201 614 4263 7.
638 4183 679 4246 lie
702 4197 992 4255 commemoratur,
1010 4195 1063 4286 Ιιιι
1085 4183 1126 4246 rls
