2696 4896
260 401 322 466 206
528 401 688 464 raom
728 403 1031 464 taxttoomtto

335 577 610 659 Hermiones)
636 578 836 642 dithamerue
849 579 886 640 ad
900 580 1002 642 Tacit.
1018 577 1178 642 deGerm.
1194 596 1231 658 p.
1243 573 1319 655 90.

260 681 385 746 derivat
406 677 672 742 atlantion
695 683 716 744 i.
737 703 766 744 e.
791 696 886 752 terra,
919 681 1150 743 Germanorum
1165 679 1319 760 septem·

259 784 446 846 trionaliuru
466 783 591 866 lingua.
618 782 701 864 quast
721 784 775 864 qui
799 785 1027 845 mediterranea
1044 784 1234 844 Germaniae
1260 781 1320 840 in·

261 884 430 948 coluerint.
477 883 603 943 Mavult
626 897 733 944 tamen
759 883 967 945 Herduoorres
988 905 1035 966 pr.
1065 885 1177 953 dictos.
1202 897 1239 943 et
1267 881 1316 942 fic

261 985 339 1048 inde
360 999 542 1066 corruptor.
573 999 724 1068 putatque
748 983 834 1046 iuiffe
850 983 998 1057 Luiatos,
1023 983 1166 1055 Sttefioa.
1195 981 1316 1045 Bobe-

260 1107 351 1157 moa‚
379 1085 573 1157 Mienmira,
597 1087 798 1170 Thuringoa,
823 1088 973 1150 Saxones.
1017 1085 1068 1151 Gi.
1086 1087 1169 1150 Ptin.
1185 1095 1221 1164 4.
1246 1094 1309 1163 aa„

260 1189 319 1250 ubi
340 1193 464 1252 Suevoa
485 1189 700 1250 Hermionam
731 1202 851 1269 partem
876 1184 942 1249 fieri
966 1189 1003 1251 ad
1027 1188 1168 1250 nostrum
1191 1187 1314 1248 locum

260 1303 352 1374 putat
370 1284 503 1352 Voffiua.
540 1288 674 1352 Nodum
693 1291 735 1350 ita
749 1309 788 1351 ex
803 1291 909 1351 Plinio
925 1307 960 1370 4,
980 1302 1038 1370 59.
1062 1289 1183 1352 solvere
1200 1299 1313 1350 tentat

260 1388 441 1456 Ancharien
457 1411 484 1454 c.
503 1391 524 1453 l.
545 1391 583 1454 P.
604 1414 633 1453 a.
652 1411 716 1472 cap.
734 1403 769 1470 4.
789 1411 819 1472 p.
841 1405 921 1471 103.
949 1405 984 1452 ut
1002 1393 1101 1461 dicat.
1125 1411 1202 1452 eum
1230 1401 1313 1472 pro·

260 1495 333 1580 prio
356 1493 488 1554 nomine
511 1493 693 1554 Suevorum
717 1505 839 1554 veteres
856 1491 1019 1554 Moraviae
1036 1493 1208 1556 incolatex
1224 1491 1314 1552 Her-

260 1599 413 1660 mionam
435 1613 551 1678 genere
568 1591 777 1678 infigniviffe‚
799 1610 833 1655 et
846 1593 921 1656 hinc
934 1597 1042 1656 artiori
1061 1592 1147 1655 sensu
1163 1613 1200 1654 ea
1222 1611 1313 1653 voce

261 1696 353 1758 uium
370 1696 446 1765 effe,
468 1715 541 1756 cum
559 1698 653 1756 ceteri
671 1697 886 1757 communiter
902 1698 1083 1759 suevorum
1102 1695 1313 1756 vocabulum

262 1799 303 1864 de
322 1797 552 1864 Hermionibua
567 1797 780 1861 adhibuerint.
815 1799 878 1862 Sed
892 1799 958 1862 vid.
977 1819 1055 1884 quae
1072 1811 1162 1861 antea
1175 1791 1311 1860 notari.

652 2131 791 2198 CAP.
844 2135 905 2200 tv.

478 2319 566 2370 ott
641 2319 1087 2370 sanmarth.

416 2509 446 2586 §.
478 2526 507 2568 ι.
563 2505 804 2590 Sarmatia)
863 2509 915 2570 Sic
945 2524 978 2570 et
1009 2507 1126 2570 Graece
1157 2520 1309 2571 vocatur.

264 2609 346 2674 Inde
381 2608 546 2670 Sarmatae
585 2611 663 2670 dicti
698 2624 830 2690 utraque
863 2611 987 2694 lingua,
1028 2623 1061 2671 et
1077 2591 1311 2682 Sarmaticus.

267 2711 379 2774 Graeci
413 2723 520 2771 tamen
559 2726 614 2772 eoa
653 2711 860 2772 Sauromatas
896 2710 1093 2792 frequentina
1127 2709 1310 2792 adpetitae,

266 2826 379 2878 monet
396 2811 519 2873 Pliniue
532 2821 566 2890 4,
589 2822 646 2888 25.
664 2810 684 2872 i.
707 2828 762 2876 aa.
783 2826 813 2874 et
830 2813 924 2882 hinc.
949 2833 1028 2894 quae
1046 2813 1085 2874 de
1104 2813 1311 2875 Sauromatia

265 2927 369 2978 narrat
386 2913 568 2976 Herodotus
584 2923 618 2991 a,
639 2928 719 2988 117.
736 2914 887 2976 Sarmatia
904 2915 1017 2974 tribuit
1033 2913 1116 2976 Mela
1133 2936 1159 2982 a.
1176 2932 1232 2993 ¹9·
1249 2935 1261 2974 ι
1270 2931 1311 2992 9.

266 3019 445 3096 Utrumque
477 3032 596 3076 noman
622 3015 757 3096 adponit
780 3016 970 3096 Stephanus.
1023 3018 1071 3077 De
1096 3016 1312 3098 Etymologia

266 3121 336 3182 eiua
376 3115 524 3198 diequirit
559 3114 787 3197 lablonowalty
821 3119 854 3177 in
890 3117 1021 3199 Empire
1055 3117 1110 3180 dea
1145 3117 1312 3180 Sarmates

266 3217 340 3282 ieet.
360 3228 392 3296 5.
416 3238 447 3299 p.
468 3219 515 3296 63
534 3214 574 3297 iq.
629 3217 726 3300 Quod
755 3219 933 3300 Stephanus
961 3217 1143 3296 Scythicam
1172 3233 1313 3302 gentem

267 3333 370 3388 vocat.
392 3321 557 3381 coufirmat
572 3318 695 3381 Plinius
705 3339 730 3382 c.
748 3320 769 3380 l.
795 3321 849 3400 qui
864 3321 1053 3398 Scytharum
1067 3339 1187 3381 nomen
1203 3339 1312 3402 utque

267 3440 390 3506 quaque
413 3419 564 3482 transiiffe
593 3421 636 3479 ait
663 3422 696 3479 in
722 3422 874 3483 Sarmatae
897 3436 929 3483 et
952 3422 1146 3492 Germanos,
1177 3421 1311 3503 dequo

267 3523 422 3608 prolixior
441 3521 563 3586 dicierit
579 3519 761 3584 Praetorius
777 3524 810 3582 in
827 3523 902 3585 orbe
920 3523 1060 3586 Gothico
1081 3544 1109 3593 t.
1129 3544 1184 3588 ιο.
1219 3521 1313 3585 Hinc

268 3625 455 3688 Sarmatiam
468 3627 665 3704 Europaearn
682 3623 720 3684 ad
737 3623 897 3699 Scythiam
911 3622 1007 3687 refert
1021 3625 1177 3688 Herodot.
1194 3635 1228 3704 ty.
1245 3645 1310 3705 99.

268 3740 301 3790 et
326 3726 459 3788 Diodor.
482 3727 545 3789 Sic.
567 3739 599 3793 a.
624 3735 683 3806 43.
713 3724 869 3787 coloniam
894 3727 1081 3802 Scytharum
1108 3727 1145 3788 ad
1169 3727 1310 3788 Tanaim

270 3829 432 3898 conlocat,
470 3827 601 3908 eiusque
634 3827 773 3908 populos
797 3829 997 3890 Sauromatae
1033 3830 1216 3891 nominatos
1246 3827 1309 3891 effe

269 3925 387 3992 scribit.
420 3927 492 3991 t’ot
507 3943 753 3991 commemorata
768 3926 959 3990 feminarum
974 3931 1042 3991 eius
1057 3933 1160 4012 gentis
1175 3933 1308 4002 virtute.

268 4051 364 4114 qtrarn
385 4030 576 4109 Scytharum
592 4031 719 4114 reginae
735 4031 880 4112 exemplu
902 4031 936 4092 in
954 4032 1160 4112 expeditione
1179 4047 1212 4094 et
1229 4052 1309 4094 nece

271 4134 350 4216 Cyri
370 4131 526 4205 inlustrat,
553 4131 728 4198 Amazones
751 4135 826 4197 inde
843 4131 986 4197 coaluilie
1000 4145 1033 4194 et
1056 4153 1203 4220 magnam
1223 4133 1308 4196 Afrae
