2748 4906
291 465 333 530 μ
560 449 723 538 norun
763 451 1069 511 nxeourrcte

296 631 316 689 6
336 628 446 691 seriem
462 639 494 689 et
515 645 635 686 nexum
653 617 799 688 locorum
822 627 991 699 adtendas,
1022 627 1134 688 Grovii
1151 647 1227 689 cum
1245 625 1370 707 Tyde

295 731 369 794 iurrt
390 732 422 791 in
445 730 555 798 litore,
590 740 622 788 et
638 727 713 788 hinc
729 731 808 789 ordo
824 731 920 788 etiam
942 730 1025 809 apud
1040 732 1193 792 Antonin.
1211 731 1250 790 in
1271 731 1370 791 itin.

296 855 328 917 p.
346 843 430 912 429.
447 830 546 914 magis
561 828 749 900 inlustratur,
773 831 824 890 vei
842 831 917 890 inde
930 831 1141 894 Ptolemaeus.
1179 832 1233 892 lbi
1253 833 1367 893 enim

297 937 355 998 iict
386 933 544 1000 Bracara,
568 931 688 1001 Limia,
720 931 813 999 Tude,
839 932 924 1012 quod
948 945 979 994 et
1001 933 1290 1002 hodieconuenit.
1323 933 1367 1004 fi,

299 1035 383 1120 quod
402 1035 539 1103 videtur,
570 1033 711 1092 Bracara
726 1033 769 1095 est
784 1033 896 1114 Brega
917 1034 968 1096 vel
991 1036 1024 1094 in
1047 1036 1173 1102 vicinia.
1199 1049 1238 1096 et
1261 1034 1367 1116 Tyde

296 1137 339 1202 est
367 1136 444 1218 Tuy.
490 1136 597 1196 Immo
618 1154 694 1196 vero
718 1135 854 1214 denique
884 1136 1086 1198 Ptolemaeus
1110 1136 1215 1197 Melae
1248 1137 1367 1198 fidem

297 1239 457 1308 vindicat,
483 1256 555 1298 curu
581 1235 719 1298 Grovios
739 1233 811 1297 iecit
827 1235 1043 1299 Callaecorum
1063 1250 1097 1298 et
1120 1237 1366 1299 Bracariorum

296 1341 464 1425 populum.
524 1337 617 1399 Forte
640 1339 737 1420 igitur
760 1352 789 1398 et
820 1337 872 1398 hic
895 1339 978 1401 Mela
1001 1337 1123 1401 secutur
1144 1339 1187 1400 est
1215 1354 1365 1400 veteres

298 1454 457 1510 auctores,
484 1440 632 1501 velante
656 1438 911 1500 commistionem
935 1441 1126 1502 Graecorum
1146 1461 1220 1501 cum
1242 1442 1364 1502 Celtis

204 1583 209 1592 ·
299 1544 438 1606 Grovioc
455 1541 508 1602 hic
524 1543 610 1623 prius
625 1539 792 1604 consediffe
807 1545 949 1624 putarim
980 1545 1055 1603 inde
1071 1546 1157 1604 enim
1175 1541 1365 1606 Gallaecos

299 1647 401 1708 dictos
421 1641 543 1712 ferunt.
568 1643 607 1704 de
625 1662 688 1724 quo
704 1638 743 1704 cf.
762 1641 890 1705 Noniue
905 1639 940 1703 in
960 1641 1047 1724 Hiip.
1065 1665 1131 1725 cap.
1149 1657 1207 1722 42.
1263 1645 1363 1704 Lon·

298 1750 370 1833 gius
406 1747 496 1808 enim
529 1743 731 1834 extendiffe.
756 1742 914 1825 sequentia
946 1747 1121 1816 declarant,
1159 1765 1246 1827 quae
1276 1747 1364 1808 eliac

297 1849 452 1912 =Celleecie
481 1846 631 1911 Bracariic
654 1845 866 1929 adsignentur.
919 1846 1032 1928 Neque
1058 1861 1162 1908 temen
1186 1847 1230 1907 irc
1254 1868 1362 1908 excu-

299 1950 429 2020 [aurius.
462 1949 548 2029 quod
575 1960 607 2009 et
631 1947 684 2007 hic
707 1945 778 2009 suae
801 1949 909 2008 aetatis
934 1951 1111 2011 immemor
1133 1945 1360 2011 remotiss'rmn

298 2050 450 2122 sectetur,
478 2063 512 2110 et
529 2047 760 2110 recentioribuc
780 2048 906 2130 entique
925 2047 1091 2112 immiscet.

375 2249 489 2332 Aoo)
539 2250 633 2335 Apud
657 2251 797 2315 Ptolem.
815 2269 847 2324 2,
866 2253 899 2316 6.
917 2253 962 2315 in.
984 2253 1100 2338 legitur
1122 2241 1210 2316 Arion
1248 2272 1361 2318 reoru-

299 2351 365 2447 μοῦ
387 2348 537 2432 tedoini.
580 2352 724 2437 Neglecti
746 2355 867 2416 ordinis
885 2355 1001 2417 Melam
1025 2353 1145 2415 accuset
1166 2351 1357 2416 defendite

300 2460 335 2519 in
359 2458 480 2537 antiqu.
507 2453 643 2517 Lusrtan.
667 2455 722 2519 lib.
737 2471 768 2518 Ω.
794 2475 826 2538 p.
844 2477 888 2518 m.
906 2458 964 2530 76.
1000 2458 1054 2538 qui
1076 2457 1128 2517 hic
1149 2455 1207 2517 effe
1234 2459 1356 2516 iudea

301 2561 404 2621 Durio
420 2556 572 2619 debebat:
603 2556 773 2627 Celandrts,
791 2557 846 2638 (stc
859 2557 950 2642 legit)
967 2563 1045 2626 Auo,
1068 2555 1200 2624 Nnebis.
1223 2557 1353 2626 Limia,

301 2661 439 2724 Minius.
479 2658 858 2741 Qualievcroiithodie‚
884 2659 1065 2722 noneddit.
1100 2659 1265 2739 Equidem
1283 2657 1356 2741 post

302 2762 443 2823 Durium
464 2761 499 2821 in
524 2759 636 2820 tabulis
653 2761 765 2821 inveni
780 2759 916 2832 Daves;
940 2761 1049 2823 Hadue
1070 2761 1103 2820 in
1122 2759 1225 2821 tabula
1244 2763 1355 2821 Euro·

303 2880 360 2946 pue
383 2861 479 2922 habet
501 2863 601 2930 Aves,
635 2862 689 2942 qui
711 2861 749 2922 ud
772 2863 881 2922 vicum
902 2861 991 2922 Vitta
1011 2861 1049 2922 de
1074 2861 1181 2925 Cende
1204 2859 1356 2922 effluite

302 2963 442 3048 Bregada
462 2963 648 3032 decurrens,
684 2961 739 3022 ubi
763 2977 868 3024 tamen
892 2962 1053 3048 Busching
1075 2983 1106 3044 p.
1129 2984 1173 3024 m.
1192 2973 1254 3038 78.
1282 2982 1354 3024 me·

302 3081 407 3128 moret
422 3061 532 3155 Defle.
572 3065 613 3125 At
634 3082 707 3123 cum
723 3063 877 3126 Celadum
896 3065 929 3123 in
947 3065 1005 3125 hec
1027 3055 1243 3149 progressione
1260 3083 1356 3146 prae·

303 3168 404 3239 cedat,
429 3165 555 3236 dubito,
578 3185 619 3226 an
639 3177 724 3228 recte
742 3165 917 3230 Reiendiue
934 3167 1163 3228 emendaverit.

382 3355 581 3450 Oelodus)
617 3368 766 3430 Occurrit
786 3381 912 3430 tentum
934 3370 968 3429 in
984 3367 1108 3431 Nostro.
1148 3367 1189 3428 H.
1212 3367 1355 3429 videtur

304 3469 363 3532 eise
375 3470 511 3533 Gavodo
524 3488 692 3532 excurrens
706 3471 863 3531 edricum
872 3461 1064 3561 Esposende.
1090 3469 1267 3531 Resendius
1280 3489 1314 3532 c.
1332 3469 1354 3532 l.

305 3571 345 3632 de
373 3591 412 3633 eu
445 3573 526 3633 mihi
549 3572 680 3652 quidem
701 3569 831 3632 obscure
856 3569 910 3631 fic:
943 3573 982 3632 ed
1005 3572 1121 3653 oppida
1144 3571 1295 3632 Laeciem
1321 3583 1353 3632 et

305 3671 480 3735 Merufinoe
503 3693 589 3735 mare
612 3673 822 3756 ingreditur„
840 3674 936 3735 etiam
953 3675 1089 3758 navigiie
1109 3672 1191 3734 cestu
1211 3674 1353 3734 iuvante

305 3787 406 3856 aptus.
441 3773 657 3837 Vasconceilue
680 3774 720 3835 ed
738 3794 816 3836 eum
832 3794 864 3857 p.
881 3788 965 3853 275.
986 3795 1074 3837 nunc
1093 3775 1153 3837 effe
1174 3786 1265 3858 putat
1281 3776 1352 3836 Βία

304 3873 343 3934 de
371 3865 535 3966 Greforres.

380 4077 423 4140 N
427 4075 521 4139 nebi
528 4101 545 4139 s
552 4077 571 4161 )
606 4079 745 4142 Ptolem.
763 4093 796 4151 ss,
812 4079 845 4142 6.
864 4079 909 4142 in.
928 4075 1052 4163 Νῆβις,
1074 4078 1128 4160 qui
1146 4073 1213 4140 ciue
1229 4077 1350 4140 ostium

305 4180 390 4244 inter
406 4179 546 4244 Limiem
569 4193 602 4245 et
621 4183 773 4246 Aeonem
795 4183 898 4266 pouit.
944 4181 1024 4244 Inde
1042 4201 1123 4264 pons
1138 4180 1264 4242 Neviae
1282 4181 1366 4242 dici.
