2748 4888
292 397 335 459 φο
562 377 723 447 itum
764 386 1069 452 uxuourtcttt

298 563 433 626 innuere
448 577 513 624 vox
528 555 661 650 deflexu.
680 561 731 624 cui
748 555 883 624 subiecit
899 559 949 624 Ab
966 562 1096 624 iliis-
1114 559 1160 624 aei
1175 561 1336 636 Morinos.

298 666 354 747 qui
369 664 409 726 iic
424 677 617 746 exceperunt
633 663 786 728 Ofiemioe
805 664 840 726 in
856 661 1092 748 septemtrionie
1107 683 1172 734 ort.

376 864 570 929 Morinos
579 863 597 947 )
647 865 692 928 Ut
706 866 876 939 Αιιιιονίοἰ,
901 867 977 930 dicti
995 887 1012 930 0
1030 866 1148 932 Celtica
1163 887 1248 932 voce
1263 865 1337 930 Mur

300 969 323 1030 i.
342 986 371 1029 e.
392 983 495 1037 mure.
520 967 603 1049 quuii
618 969 789 1040 maritimi,
816 969 885 1040 vel,
913 981 949 1031 ut
965 969 1033 1030 vult
1049 969 1168 1054 Alting.
1186 969 1222 1030 iu
1244 970 1335 1034 notit.

302 1069 454 1130 German.
470 1064 562 1130 infer.
583 1069 620 1131 P.
642 1088 671 1131 ι.
688 1089 720 1152 p.
735 1085 794 1148 97.
815 1072 934 1133 reiecto
950 1071 1048 1154 priori
1068 1084 1189 1148 etymo,
1214 1090 1233 1130 0
1251 1070 1336 1132 Moe

300 1191 371 1240 reu,
396 1169 468 1250 quia
489 1169 619 1232 illorum
643 1171 733 1254 regio
758 1169 905 1252 frequent
928 1169 1024 1233 fuerit
1043 1169 1227 1255 paludibus.
1266 1170 1334 1236 vid.

300 1271 365 1335 Iul.
388 1267 475 1333 Caes.
499 1269 539 1332 de
563 1269 600 1333 B.
618 1269 658 1332 G.
676 1281 711 1350 4.
733 1268 754 1335 f.
814 1273 900 1334 Hinc
928 1272 1012 1354 quast
1036 1272 1204 1334 Moerenus
1237 1272 1335 1333 dictor

189 1436 193 1449 ,
299 1367 392 1434 iuiffe
413 1369 553 1452 ipsorum
569 1371 704 1434 maiore·
726 1385 816 1464 putet
831 1371 893 1436 Iac.
910 1373 982 1436 Nic.
1000 1369 1129 1436 Luenfie
1150 1373 1185 1434 in
1208 1372 1335 1439 miscell.

300 1472 582 1556 epiphytl.6.21.
612 1471 669 1534 ubi
689 1473 723 1536 in
742 1475 859 1536 eodem
881 1487 989 1554 etymo
1004 1473 1177 1546 consentit,
1202 1488 1241 1536 et
1264 1473 1335 1536 ctu.

301 1578 410 1637 vetiue
425 1575 459 1636 in
476 1575 584 1637 Germ.
601 1589 664 1639 unt.
682 1591 715 1646 n,
734 1587 790 1654 03.
804 1597 836 1658 p.
847 1586 920 1656 439
938 1573 979 1658 sq.
1006 1575 1062 1637 ubi
1079 1575 1118 1637 de
1135 1577 1174 1638 iie
1187 1589 1336 1638 veterum

299 1675 368 1740 loct
391 1676 546 1762 conlegit,
573 1675 657 1760 apud
675 1678 818 1740 Dionem
835 1691 893 1758 59,
908 1687 969 1757 44.
990 1696 1049 1760 pro
1066 1671 1165 1765 ὀρῶν,
1194 1696 1278 1758 quae
1295 1673 1336 1735 ibi

298 1797 366 1842 non
383 1777 459 1850 iint,
485 1797 525 1840 ex
540 1779 621 1840 iulio
638 1776 905 1858 Caeseremuvult
920 1775 1013 1848 ἑλῶν.
1050 1777 1117 1841 Sub
1133 1778 1193 1840 Iul.
1209 1773 1337 1842 caesar·

297 1880 392 1943 urbes
407 1898 474 1941 non
490 1879 681 1950 habuerunt,
706 1879 756 1942 [ed
771 1881 804 1940 in
819 1879 955 1966 tuguriie
972 1879 1162 1952 habitarunt,
1185 1891 1226 1940 ut
1245 1879 1336 1940 tradit

297 1983 364 2044 Dio
383 1994 440 2060 39.
461 1989 522 2062 44.
555 1979 610 2043 etst
631 1978 695 2064 ipse
719 1978 831 2048 Caesar
852 1982 891 2044 de
912 1983 950 2045 B.
969 1979 1008 2043 G.
1026 1989 1061 2059 4.
1081 1995 1138 2044 00.
1157 2001 1265 2062 pagos
1286 1997 1336 2042 eu

297 2101 372 2144 rum
393 2093 642 2151 commemorat,
668 2080 780 2144 urbem
805 2083 885 2146 adeo
905 2081 1106 2144 Taruarmam
1130 2083 1164 2142 in
1186 2083 1335 2145 mediter·

297 2182 400 2246 reneie
414 2181 618 2244 Ptolemaeue
635 2197 668 2253 α,
688 2200 723 2264 9.
762 2181 871 2247 caesar
887 2185 982 2246 etiam
1003 2199 1040 2244 ut
1057 2181 1217 2245 seditiosoe
1239 2197 1273 2246 ut
1290 2201 1333 2244 re·

296 2283 396 2346 beliue
418 2277 530 2366 puisun
553 2278 717 2356 describit,
748 2301 829 2366 quoe
852 2286 979 2348 tandem
1004 2285 1132 2346 domuit
1150 2283 1189 2348 C.
1207 2283 1334 2346 Catinae

297 2381 356 2448 iub
382 2383 534 2470 Augusto.
564 2385 650 2465 <Dio
670 2398 728 2464 51,
746 2387 823 2463 αι.)
873 2384 1064 2448 Habitarunt
1093 2399 1199 2448 eutem
1224 2389 1262 2447 in
1287 2405 1334 2446 ex·

295 2499 398 2548 treme
420 2485 521 2548 Gellia
543 2486 582 2548 ud
605 2506 691 2548 mare
715 2499 822 2549 contra
841 2475 1055 2558 Britanniam,
1087 2489 1121 2549 in
1143 2503 1238 2568 quum
1264 2487 1334 2546 inde

296 2589 462 2672 proximue
484 2602 550 2650 erut
572 2603 605 2651 et
626 2584 826 2652 breuiffimue
850 2588 1011 2659 transitur,
1046 2600 1084 2648 ut
1104 2588 1183 2650 dicit
1205 2587 1333 2650 Orofiue

222 2747 225 2756 .
297 2690 333 2770 6,
351 2707 384 2773 9.
402 2688 447 2752 in.
469 2709 542 2752 cum
565 2687 631 2772 ipio
652 2688 780 2754 Caesare
800 2689 840 2752 de
859 2689 896 2754 B.
916 2689 955 2758 G.
977 2697 1013 2769 4,
1037 2703 1097 2753 nt.
1131 2703 1169 2750 ut
1190 2705 1334 2752 auctore·

296 2790 350 2854 etti
366 2787 493 2852 trudunt
511 2787 673 2880 56001).
691 2793 776 2870 (nto
795 2801 853 2870 39.
870 2795 952 2869 50.)
977 2791 1029 2852 vel
1044 2801 1088 2867 5⁰
1103 2791 1149 2850 M.
1168 2789 1205 2853 P.
1228 2789 1333 2866 (Plin.

296 2897 332 2974 4.
350 2905 408 2970 50.
426 2887 446 2953 i.
469 2890 546 2969 26.)
567 2885 618 2952 vei
640 2906 710 2972 320
729 2891 896 2954 stadiorum
914 2887 935 2958 i.
954 2911 983 2955 e.
1007 2901 1053 2973 40
1073 2893 1121 2953 Μ.
1138 2893 1175 2953 P.
1200 2891 1335 2968 (strabo

296 3009 332 3074 4.
355 3013 386 3074 p.
413 3005 493 3072 159.
514 2991 533 3054 s.
554 2998 656 3074 ι99.)
688 3011 766 3076 quae
788 2993 919 3074 quidem
943 2993 1104 3054 intervalla
1124 2993 1220 3054 nimie
1239 2993 1334 3074 ionga

295 3093 357 3158 effe
373 3094 481 3156 docuit
498 3089 659 3157 d'Anviiie
682 3115 714 3178 p.
732 3104 815 3174 389.
833 3113 860 3160 c.
877 3093 898 3155 l.
952 3093 1037 3156 Hinc
1051 3085 1148 3184 freta
1170 3093 1334 3176 Morinum

296 3194 382 3278 apud
414 3193 500 3259 Grai.
536 3193 640 3257 Faiiiu.
672 3198 705 3256 in
738 3194 862 3279 Cyneg.
884 3215 915 3258 v.
940 3205 1019 3274 174.
1059 3203 1110 3256 cui
1134 3194 1192 3256 ulia
1219 3193 1334 3256 adiecit

296 3297 324 3360 l.
340 3295 412 3360 Nic.
430 3296 559 3358 Loensu
576 3317 601 3358 c.
619 3299 639 3358 Ι.
665 3295 721 3378 tpfi
744 3296 876 3358 extremi
895 3295 1052 3357 hominum
1069 3316 1086 3357 0
1106 3296 1236 3380 Virgilio
1252 3297 1333 3358 Aen.

298 3409 332 3476 fl,
349 3413 434 3472 727.
455 3398 663 3480 adpelluntur.
691 3412 892 3460 uzecttvcrtu.
934 3393 1018 3458 Mela
1034 3393 1075 3460 fic
1091 3394 1198 3459 voluit
1214 3393 1332 3458 imitari

169 3569 172 3582 Ι
296 3499 467 3584 Virgilium
489 3499 523 3560 in
541 3500 603 3561 fine
619 3495 693 3560 libri
710 3511 743 3576 8.
770 3499 826 3559 ubi
843 3499 992 3560 dicuutur
1008 3500 1139 3560 emcremr'
1158 3499 1330 3566 huminum,

297 3613 330 3664 et
351 3613 460 3663 ructor
477 3597 591 3661 Noster
611 3595 755 3662 transfert
777 3600 814 3661 ed
833 3597 965 3661 Gallicae
987 3613 1114 3683 genter,
1145 3597 1283 3662 iimodo
1298 3600 1331 3658 in

296 3699 361 3764 hoc
383 3704 413 3764 ei
434 3699 572 3764 constitit
591 3701 689 3772 ratio,
724 3719 796 3761 cum
818 3713 904 3762 recte
929 3699 968 3761 stc
989 3698 1098 3762 scribat
1116 3700 1267 3786 Virgiliue
1287 3717 1331 3760 re·

295 3799 404 3885 spectu
421 3802 559 3875 Oceanit
586 3800 637 3864 ied
653 3801 719 3885 poli
733 3802 877 3865 Morinot
892 3802 1001 3884 potuit
1015 3801 1131 3884 aliquid
1149 3797 1329 3870 interiuiffe.

294 3917 361 3986 quo
386 3887 597 3985 separarentur¹
622 3923 638 3965 0
662 3903 768 3988 Belgie
794 3899 928 3965 Morini.
981 3921 1005 3966 r.
1034 3921 1229 3965 cuouovtve
1255 3901 1329 3964 MS.

296 4003 467 4068 Finitimoe
495 4003 636 4066 habuiffe
661 4004 768 4067 uerius
794 4003 942 4088 Belgium
974 4004 1012 4065 ed
1045 4006 1131 4066 mere
1165 4003 1331 4086 Menapioe

295 4105 423 4192 'adpetet
438 4125 478 4170 ex
493 4101 621 4170 Caesare
639 4115 674 4187 4.
694 4123 752 4173 tto.
773 4119 806 4175 et
822 4103 935 4169 diserte
951 4103 1118 4170 adfirment
1133 4103 1248 4170 Suebo
1264 4124 1291 4168 c.
1308 4102 1330 4166 1.
