2696 4896
123 373 177 433 ru
203 371 336 432 tour.
366 371 473 430 unt„
515 371 551 428 ι.
572 373 626 428 m.
667 371 700 428 c
722 373 774 434 vr.
815 371 945 450 ομ.
998 387 1057 436 ror

92 544 252 628 plana)
280 546 404 609 :Ptout
424 559 534 607 auctor
554 545 731 616 intellexit,
758 565 825 608 non
849 547 959 630 utique
982 561 1060 618 tota.

20 668 95 713 cum
117 649 219 708 adllut
241 647 339 710 collee
355 661 388 709 et
409 662 547 710 montet.
575 667 598 708 1.
618 665 818 710 caouovrvs
832 648 908 714 MS.
963 650 1005 710 Et
1023 650 1062 711 fio
1091 653 1094 660 '

20 749 194 814 montibue
208 751 305 810 etiam
322 749 486 811 nonnullit
503 745 690 819 increscere,
722 747 837 830 lcrlplrt
853 749 914 810 iarn
932 751 1061 812 lornan-

21 857 75 914 des
106 853 148 912 da
175 848 241 912 rub.
266 849 338 912 (iet.
361 870 428 932 cap.
449 866 482 912 Ω.
514 864 548 911 et
580 845 695 912 rolli
719 844 880 932 γεώλοφα
906 853 1062 936 cognovit

20 951 135 1016 Strabo
153 959 189 1032 4.
213 971 283 1036 pag.
303 963 384 1030 138.
410 949 430 1013 l.
451 969 532 1032 199.
559 971 633 1016 cum
654 947 792 1041 πλείοτγ
815 973 846 1016 r.
868 947 966 1038 νήσου
986 953 1062 1016 aliar

22 1054 55 1122 fit
79 1047 201 1124 πεὸιᾰς
223 1047 277 1114 καὶ
299 1047 522 1144 κατάδμυμος.

98 1219 274 1304 ingens)
322 1219 415 1288 Unde
441 1223 533 1289 etin
560 1221 707 1286 maximia
732 1218 841 1286 insulia
872 1221 949 1306 poni
974 1221 1063 1308 supra

22 1325 83 1388 iam
109 1325 235 1390 notavi.

89 1483 310 1582 fecunda)
342 1491 391 1552 Ex
406 1493 523 1564 nostro,
543 1495 646 1557 immo
663 1511 736 1552 curn
751 1489 854 1554 nostro
870 1511 909 1554 ex
919 1489 1060 1576 Nepote,

25 1595 204 1657 Iomaurlee
220 1611 247 1654 c.
262 1593 284 1654 l.
308 1591 410 1654 herbis
422 1585 596 1684 frequens,
622 1607 653 1656 et
675 1595 726 1654 his
742 1584 889 1682 feracior
909 1591 1062 1666 omuibus.

25 1697 101 1778 quia
118 1697 241 1776 (quae)
260 1714 376 1774 pecora
400 1697 520 1777 magis,
551 1716 648 1779 quum
669 1695 807 1755 homirtrs
828 1693 898 1754 alat
924 1691 1061 1777 (alant).

26 1799 74 1857 De
100 1793 299 1857 fecunditate
322 1795 471 1856 tellantnr
490 1809 524 1858 et
541 1798 604 1859 alii.
621 1778 625 1786 ⁸
657 1797 709 1858 Sic
727 1795 858 1857 Tacitus
870 1796 903 1856 in
920 1797 1063 1880 Agricola

27 1917 93 1979 cap.
117 1913 175 1959 ιο.
187 1887 293 1987 solum
312 1897 439 1976 patiens
451 1889 601 1987 frugum.
618 1887 810 1986 fecundum.
859 1895 971 1958 Strabo
983 1893 1017 1961 ὀ.
1039 1899 1062 1964 1.

3 2017 4 2020 ’
26 1991 120 2086 φὲρὲι
144 1995 236 2061 σῖτον
253 2019 282 2058 κ.
302 1994 513 2086 βοσκήματα.
566 1999 743 2060 Eumenius
763 1997 798 2057 in
813 1999 1006 2080 panegyrico
1023 1999 1064 2061 ad

27 2099 231 2162 Constantio.
255 2099 336 2181 Aug.
361 2118 429 2180 cap.
445 2119 479 2178 9.
501 2091 643 2192 segetum
670 2109 765 2160 tantu
787 2089 996 2186 fecunditas.
1027 2113 1065 2162 ut

28 2198 209 2260 muneribus
234 2201 372 2282 utrisque
388 2191 551 2294 sufficiat,
584 2215 615 2262 et
643 2199 761 2262 Cererir
786 2211 817 2259 et
839 2197 954 2264 Liberi.
1012 2203 1064 2264 ne

26 2301 220 2385 colligendis
236 2297 364 2384 frugum
383 2297 531 2364 mellrbue
546 2299 640 2364 refert
656 2301 791 2362 Diodor.
808 2312 841 2376 5,
862 2315 935 2374 21„
960 2301 1064 2385 Quoa-

28 2403 103 2463 dam
126 2417 235 2462 taruen
255 2401 424 2463 Britannos
444 2417 476 2464 et
497 2403 704 2465 colendorum
731 2401 897 2463 hortorum
920 2417 952 2464 et
975 2421 1064 2488 agro·

27 2524 102 2564 rum
127 2504 253 2587 ignaroa
275 2500 380 2573 tuille.
412 2504 555 2565 adfirmat
581 2503 692 2566 Strabo
709 2521 737 2568 c.
756 2502 778 2570 1.
831 2503 873 2563 Et
891 2501 932 2564 fic
955 2501 1065 2566 Caesar

31 2619 63 2682 5,
89 2619 146 2685 14.
169 2605 335 2663 Interiores
354 2603 491 2686 plerique
503 2595 675 2694 frumenta
695 2623 759 2664 nort
772 2594 895 2695 serunt.
931 2603 983 2668 Cf.
1000 2607 1064 2667 Dio

31 2710 90 2778 62,
111 2717 144 2784 5.
169 2717 201 2766 et
216 2723 295 2786 quae
309 2704 354 2765 ibi
370 2719 532 2770 notantur.
572 2703 657 2768 Hinc
673 2705 838 2766 Bunduica
855 2707 963 2790 regina
979 2707 1064 2788 apurl

29 2808 174 2870 eundem
191 2808 250 2876 62.
268 2807 302 2868 ti.
319 2805 470 2892 γεωργεῖν
485 2804 560 2894 μὲν,
588 2801 608 2893 ἢ
631 2801 833 2896 δημιουργεῖν
850 2795 911 2870 οὐκ
934 2801 1064 2882 εἰδότες,

29 2905 186 2996 πολεμεῖν
208 2903 239 2968 δὲ
260 2903 401 2994 ἀκριβῶς
421 2902 660 2995 μεμαθηκότες.
705 2908 795 2968 ldem
814 2903 872 2982 76,
895 2922 948 2971 ιο.
971 2904 1065 2972 πεδία

29 3006 134 3098 ἕργμα
157 3031 189 3070 κ.
213 3003 334 3092 ἑλώδη.
361 3004 443 3096 μήτε
463 3009 578 3096 τεὶχγ,
604 3005 687 3095 μήτε
711 3001 840 3088 πόλεις,
866 3005 949 3094 μήτε
969 3031 1067 3094 γεωρ·

28 3109 106 3195 γίνις
127 3105 281 3193 ἔχοντες,
303 3104 378 3174 tll'
396 3104 432 3173 ἔκ
453 3131 489 3173 τε
513 3109 610 3198 νομῆς
633 3131 662 3172 κ.
686 3105 805 3196 θήρας,
830 3101 1016 3198 α’κροδρύων
1031 3107 1067 3180 τὲ

30 3233 127 3276 τινων
153 3208 288 3296 ζῶντες.
333 3212 383 3272 De
403 3211 491 3272 victu
516 3231 555 3273 ex
576 3209 746 3273 corticibus
775 3223 808 3274 et
834 3210 991 3272 radicibus
1007 3213 1066 3283 76,

33 3333 94 3384 ιο.
124 3313 182 3373 ubi
204 3313 269 3374 vid.
290 3311 465 3374 Reimarus.
517 3311 602 3377 Hinc
624 3326 732 3375 contra
759 3331 911 3394 pecorum
938 3311 1067 3376 mitium

30 3412 279 3477 innumerabilia
295 3414 468 3476 multitudo
483 3414 561 3477 lacte
577 3413 707 3476 distenta
723 3426 756 3474 et
774 3411 880 3474 onulla
896 3411 1067 3474 velleribus

33 3526 309 3580 commemoratur
324 3515 362 3575 ab
373 3511 535 3582 Eumenio
549 3535 576 3577 c.
589 3516 610 3576 l.
636 3528 667 3576 et
682 3514 719 3578 ab
736 3514 850 3576 eodem
867 3514 899 3572 in
917 3531 1067 3598 panegyr.

32 3620 69 3680 ad
94 3616 317 3680 Constantium
334 3613 420 3677 Cael.
443 3635 509 3699 cap.
531 3635 587 3684 ιι.
611 3613 740 3702 frugum
762 3614 859 3677 ubere
880 3627 913 3676 et
933 3635 1069 3678 numero

29 3718 221 3804 pascuorum
237 3717 315 3785 lacto
331 3718 457 3782 dicitur.

208 3887 238 3966 ς.
266 3898 299 3964 5.
351 3906 512 3950 nemora
520 3885 539 3968 )
575 3885 771 3948 Memoratur
788 3885 822 3945 in
838 3883 950 3966 primic
959 3874 1070 3975 soltus

34 3988 244 4059 Caledonius,
270 3987 372 4050 veluti
389 3987 528 4051 aPlinio
542 3997 577 4068 4,
595 4001 652 4068 30.
667 3984 689 4052 l.
714 3985 767 4050 16.
794 3985 889 4048 Floro
911 4005 939 4057 t.
963 4000 1072 4068 17,3.

31 4110 64 4158 et
88 4107 124 4174 3,
157 4109 212 4162 ιο.
242 4099 297 4169 ιθ.
346 4087 532 4158 Ptolemaeo
557 4105 589 4163 ο,
614 4101 648 4172 3.
686 4088 766 4154 Silio
790 4087 900 4154 tutico
925 4100 957 4170 5,
983 4099 1068 4171 598.
