2746 4894
163 387 524 448 rumimunt.
565 389 675 448 um
717 387 850 450 orm.
891 387 971 459 tr·
1034 371 1106 465 rer·

26 545 29 600 Γ
56 580 96 626 au
115 561 249 624 Levant
271 563 313 626 Τ.
335 577 368 640 3.
392 564 488 625 lettre
506 574 559 640 ιθ.
582 585 616 648 p,
636 583 681 626 m.
709 574 788 643 ²¹4·
811 565 883 642 (ed.
907 575 1012 638 1727.
1038 566 1093 642 8.)

25 733 26 736 Ἴ
55 662 159 727 lomes
174 662 237 726 elle
253 662 404 748 adlinuut
413 667 508 736 duos,
524 687 666 750 quorum
680 685 766 728 unua
782 666 822 728 ab
836 666 918 726 urbe
932 659 1093 725 hodierna

52 767 218 840 Arearum
232 761 299 827 diei
314 763 431 838 unius,
457 768 538 829 alter
553 765 621 830 lere
639 768 782 830 duorum
799 763 928 830 dierum
945 761 1008 827 iter
1021 785 1093 826 ver-

53 865 99 932 lus
115 863 282 928 orientem
298 864 401 938 distet,
428 863 463 930 iu
479 865 649 931 montibus
671 865 749 930 nive
766 865 872 940 tectis,
899 867 965 938 led,
991 887 1092 953 quam

52 969 164 1050 Alpes,
200 966 459 1051 depressioribus.
517 967 612 1032 Prior
640 969 714 1032 ioue
736 966 811 1032 fluit
834 971 875 1032 ab
897 965 1024 1032 oriente
1049 967 1092 1028 ad

51 1065 248 1140 meridiem,
275 1085 307 1130 et
320 1067 520 1154 praeterient
534 1071 666 1132 dorsum
681 1069 864 1144 montium,
891 1071 931 1132 ad
947 1087 1090 1155 quorum

51 1167 182 1238 radices
202 1167 288 1232 iacet
309 1179 489 1244 Artzerurr,
521 1169 626 1242 tendit
646 1169 822 1236 meridiem
836 1171 946 1234 versut
964 1170 1004 1232 ad
1022 1166 1088 1232 exi·

50 1291 154 1354 guum
180 1269 312 1346 uicum,
347 1294 446 1358 quem
470 1289 568 1337 vocat
593 1275 855 1338 Mommacotum.
913 1267 1087 1343 Posterior,

49 1368 255 1456 aliquamdiu
281 1377 358 1438 c'um
391 1371 491 1458 petiit
520 1373 804 1459 septemtrionem,
840 1369 927 1438 lubit
949 1387 1088 1456 pontem

48 1475 173 1562 Htjae,
206 1476 296 1538 unde
322 1477 496 1542 conversus
525 1478 566 1539 ad
591 1477 742 1544 occasum
767 1473 858 1543 iuxta
881 1473 987 1546 viam,
1020 1493 1086 1558 qua

50 1572 118 1636 itur
138 1573 292 1638 Tocotum
307 1579 441 1650 urbem,
468 1593 501 1640 et
514 1599 574 1662 per
590 1594 741 1642 naturam
757 1580 915 1664 suumque
934 1579 1087 1638 locorum

48 1673 180 1760 cogitur
198 1694 310 1762 petere
330 1675 505 1744 meridiem
521 1679 630 1744 verius
645 1681 909 1751 Mommacotum,
932 1673 991 1740 ubi
1008 1695 1085 1740 con·

47 1763 319 1864 iungitur'priori
341 1778 441 1843 trium
462 1779 592 1844 dierum
607 1778 670 1844 iter
686 1783 725 1847 ab
744 1783 886 1845 hrtzero.
938 1781 1086 1861 Uterque

46 1895 183 1942 rocattu
198 1883 289 1956 Frot,
306 1883 396 1967 quod
410 1902 544 1958 nomeu,
559 1881 617 1945 ubi
634 1879 804 1956 conduxit,
821 1879 949 1945 retinet.
975 1880 1084 1944 true-

46 2003 120 2044 rum
135 1997 265 2057 autem,
289 1981 340 2045 uti
358 1985 449 2068 [upra
469 1981 557 2056 dixi,
585 1984 628 2046 eli
649 1981 921 2068 Theodosiopolis
938 1977 1083 2065 antiqua,

46 2087 100 2144 rel
117 2083 210 2144 haud
225 2086 322 2168 louge
341 2087 380 2148 ab
398 2105 435 2151 eo
451 2083 515 2148 fuit
537 2082 655 2154 disfita.
707 2083 780 2148 Vid.
797 2082 998 2147 Tournelort
1014 2102 1041 2147 c.
1060 2080 1082 2142 l.

46 2205 118 2268 pag.
140 2199 221 2262 125.
264 2185 479 2272 Aliquateuut
498 2183 601 2271 igitur
619 2201 707 2250 recte
721 2183 903 2270 Procopius
922 2177 1085 2246 indicavit

47 2286 186 2360 lonteur,
212 2287 278 2359 eth,
307 2289 386 2350 dum
409 2285 508 2354 nimis
523 2286 651 2352 viciuos
665 2288 770 2352 facere
786 2285 918 2350 videtur
934 2278 1086 2367 Tigridis

46 2387 151 2460 louti,
185 2411 283 2478 quom
306 2389 510 2476 aliquantum
533 2405 681 2452 removet
703 2390 830 2464 Strabo,
858 2383 947 2474 (vid.
964 2378 1082 2467 supra)

47 2487 165 2552 erroris
185 2489 374 2573 coarguitur
390 2513 407 2554 a
422 2491 657 2556 Toumefortio
674 2514 707 2576 p.
723 2513 767 2558 m.
788 2499 867 2570 124.
914 2483 1005 2571 Quid
1027 2478 1083 2550 alii

48 2593 210 2662 referant,
239 2589 275 2652 in
299 2591 418 2678 quibus
440 2590 693 2672 Taveruieriuo,
728 2595 880 2664 Otterua,
906 2583 997 2650 dabit
1017 2585 1081 2648 Bii-

51 2691 216 2776 lchingiue
233 2696 302 2760 Vol.
319 2709 352 2773 5.
368 2697 404 2758 Ρ.
427 2715 460 2762 ι.
476 2717 506 2780 p.
521 2718 565 2756 m.
590 2711 666 2771 177.
691 2696 780 2756 uude
803 2691 954 2777 adparet,
981 2683 1018 2750 in
1039 2706 1080 2747 eo

47 2791 248 2866 consentire,
283 2817 323 2858 ex
345 2793 478 2858 diversis
502 2793 649 2858 lontibus
672 2796 874 2880 Euphratem
896 2787 1000 2862 nasci,
1026 2789 1080 2848 vel

47 2917 87 2958 ex
108 2893 243 2958 diversis
273 2895 399 2968 fluviis,
435 2919 576 2982 quorum
605 2917 690 2958 unus
714 2895 856 2969 Milrod,
889 2913 929 2954 ex
950 2891 1080 2953 duobus

47 2995 195 3060 lontibus
219 3013 329 3070 ortus,
363 3015 395 3061 et
417 3001 582 3084 Euphrate
613 2994 746 3081 proprie
773 2997 814 3058 dc
840 2990 949 3064 dicto,
982 3005 1080 3074 atque

47 3100 177 3162 cursum
192 3096 356 3163 diversum
372 3103 410 3162 ab
427 3098 617 3164 auctoribus
632 3112 854 3166 memoratum
866 3091 986 3156 melius
1000 3087 1081 3152 hinc

44 3199 188 3286 intelligi
205 3217 239 3266 et
255 3199 411 3291 explicari
430 3202 527 3288 polle.

115 3397 234 3499 sera
250 3406 290 3490 t)
339 3403 411 3468 Vid.
434 3405 474 3468 ad
494 3408 523 3476 Ι..
542 3429 576 3484 1,
595 3423 628 3486 9.
651 3406 798 3468 Gronov.
837 3396 893 3464 Sic
913 3389 1081 3458 Mamerti-

46 3527 110 3570 nua
133 3505 170 3570 iu
190 3504 398 3594 genethliaco
415 3506 551 3570 Maxim.
572 3527 643 3592 cap.
666 3507 720 3570 16.
737 3504 761 3569 l.
786 3500 872 3569 Ptin.
890 3496 977 3586 epist.
997 3510 1030 3575 5,
1047 3496 1087 3568 6,

51 3629 107 3672 re.
129 3605 199 3675 alii.

123 3815 164 3876 iu
184 3811 337 3908 stagna
346 3812 365 3896 )
415 3811 572 3896 l‘gnorant
593 3809 629 3873 id
650 3809 717 3872 lere
740 3803 798 3870 alii
816 3803 927 3866 versus
943 3801 1081 3870 iontem,

46 3935 111 3978 nec
131 3913 333 3978 recentiores
349 3911 513 3977 eiusmodi
529 3909 655 3998 aliquid
672 3909 832 3972 adierunt.
869 3907 942 3989 Qua
958 3903 1083 3966 sensum

44 4015 139 4080 idem
161 4017 228 4078 lere
249 4015 403 4081 Arrianus
427 4015 468 4078 de
489 4017 604 4098 exped.
621 4015 711 4077 Alex.
729 4023 766 4090 5,
780 4023 813 4089 5.
829 4022 909 4070 extr.
932 4005 973 4082 εἰς
993 4026 1085 4100 ‘rr-rio·

44 4115 138 4210 γὼὁῃ
157 4115 379 4209 ἀναχεόμενος
396 4113 611 4206 ἀφανίζεται.
638 4113 692 4178 led
713 4107 870 4199 posterius
886 4109 1025 4174 verbum
1043 4105 1083 4168 ad
