2746 4894
11 370 20 379 ·
150 381 202 442 tn
228 379 367 440 rotun
398 375 508 434 unt..
549 375 657 432 Lm.
699 375 789 436 nx,
830 379 961 452 uns.
1004 383 1087 460 '415

49 559 102 622 vel
117 549 227 618 meffio
242 573 408 637 nunquam
423 551 558 614 deficiat.
585 551 670 613 Piin.
683 559 716 627 5,
733 569 762 614 t.
771 539 934 640 fructibus
948 557 1087 618 omnium

48 680 194 744 generetur
203 649 325 749 sponte
346 659 394 717 ita
412 645 685 746 subnascentibus,
713 665 750 714 ιιι
772 674 929 739 nunquam
944 647 1088 747 satietas

47 759 270 842 voluptatibus
284 754 376 850 defit.
400 757 564 820 Sententia
580 755 620 816 de
636 754 744 816 trbore
759 756 866 816 eadent
884 759 967 839 apud
983 760 1085 824 Solio.

49 871 109 948 49.
125 861 149 927 i.
164 860 225 944 46.
243 863 298 926 fin.
318 873 352 924 et
366 860 407 923 rie
421 857 566 944 frugibus
582 858 666 939 apud
682 855 834 920 Nostrum
850 858 939 924 infra.

125 1065 233 1130 nihil
250 1057 506 1158 sollicitos)
544 1059 704 1124 Plutarch.
720 1081 747 1124 e.
763 1062 784 1124 l.
804 1061 857 1124 fior
884 1059 1007 1152 uuordo
1029 1052 1088 1130 αὖ·

48 1168 164 1254 τοφυῆ
188 1165 341 1256 φέρουσιν
367 1162 574 1252 ἀποχρῶντα
594 1159 716 1247 πλήθει
741 1154 796 1225 καὶ
824 1157 1006 1251 γλυκύφητι
1026 1159 1087 1243 βό·

51 1291 138 1338 σκειν
158 1261 236 1334 ἄνευ
258 1263 364 1335 πόνων
385 1257 441 1330 καὶ
461 1260 691 1356 πραγματείας
710 1259 922 1353 σχολάζοντα
946 1265 1059 1358 δῆμον.

118 1466 339 1566 fontium)
371 1473 420 1534 Ex
430 1471 527 1533 Plinii
543 1489 571 1532 c.
584 1469 606 1531 Ι.
625 1471 803 1532 narratione
816 1469 893 1533 haec
906 1471 936 1534 in
951 1472 1086 1536 insulam

51 1573 207 1639 Ombrion
220 1577 348 1646 cadunt,
366 1593 459 1656 quant
475 1575 510 1633 iu
526 1573 691 1634 montibus
706 1573 850 1657 stagnum
866 1574 978 1638 habete
995 1577 1084 1648 dicit,

49 1677 240 1758 arboresque
255 1678 368 1738 itmilee
381 1673 507 1745 ferulae,
531 1674 617 1734 unde
632 1672 740 1736 succus
756 1677 954 1757 exprimatur.
990 1679 1085 1762 Quae

48 1780 128 1842 dum
148 1779 330 1850 sumanus,
363 1779 411 1838 uti
434 1775 524 1858 [upra
548 1777 684 1847 dictum,
712 1778 752 1839 de
773 1779 883 1840 cannis
906 1776 1085 1843 fatebarinio

47 1881 217 1966 intelligit.
247 1881 377 1952 mulii,
402 1891 559 1964 repugnet
575 1876 628 1939 hic
648 1876 789 1950 vettius,
820 1895 851 1942 et
869 1881 935 1962 post
952 1882 1086 1944 demum

47 1982 243 2045 eLuiittnie
267 2003 319 2045 etto
344 1984 485 2044 invectae
511 1992 641 2060 monet,
675 1981 730 2044 etit
754 1984 789 2042 in
814 1983 884 2044 aliie
909 1983 1086 2046 Fortunatis

48 2096 141 2147 antea
163 2083 343 2168 provenisse
364 2103 430 2146 non
450 2098 561 2166 neget,
588 2085 690 2144 immo
711 2085 857 2145 arborem
876 2085 1008 2170 intelligi
1026 2085 1086 2164 itit·

47 2187 188 2258 lentem,
213 2189 305 2249 cuiue
320 2205 397 2268 aqua
412 2185 564 2246 univerfie
582 2182 711 2245 sufficiat
727 2183 894 2258 iniulttttie.
922 2187 973 2249 etti
990 2188 1084 2250 unica

46 2289 95 2352 fit.
131 2289 229 2372 Quod
249 2289 381 2370 quidem
405 2286 541 2347 dubium
563 2273 656 2347 vaide
676 2305 742 2348 non
768 2286 949 2359 [oiumest,
981 2289 1085 2352 tedet
1147 2309 1150 2314 ·

48 2389 88 2451 iic
111 2389 222 2451 miscet
243 2409 366 2452 nomen
387 2389 581 2450 hodiernum
603 2387 739 2458 intutae,
772 2391 850 2450 dum
874 2391 972 2453 modo
994 2392 1084 2463 Fero,

45 2491 148 2553 modo
169 2491 322 2553 Madeira
344 2491 493 2572 adpellat.
537 2491 610 2552 Viri.
627 2491 667 2552 de
688 2491 747 2553 hac
769 2491 880 2554 arbore
898 2494 1029 2578 Aligem.
1045 2493 1084 2557 L.

46 2593 129 2654 Zeit.
153 2609 259 2673 ¹79¹·
276 2616 310 2656 n.
327 2607 385 2657 22.
403 2613 434 2675 p.
458 2609 537 2666 ¹7⁰·
553 2611 592 2653 ex
607 2593 734 2676 Dapper
749 2595 780 2656 le
799 2593 901 2656 Maire
918 2595 954 2657 L.
964 2595 1083 2659 Btrtot.

47 2692 100 2757 ci.
117 2693 249 2756 Borbek
264 2692 390 2759 Bescbr.
414 2713 481 2754 von
504 2690 604 2755 Africa
621 2695 662 2757 T.
685 2715 714 2757 t.
767 2697 830 2760 sed
850 2697 904 2758 hio
928 2699 968 2758 de
987 2695 1085 2759 fonti·

45 2795 107 2858 buo
137 2797 172 2857 in
198 2799 328 2878 primis,
362 2815 498 2877 quotum
523 2795 655 2877 quidem
682 2796 757 2857 aiibi
789 2815 859 2858 non
890 2799 925 2859 tit
951 2799 1085 2870 tuentio,

45 2889 172 2980 praeter
191 2897 333 2984 stagnum
356 2897 436 2958 iilud
451 2897 568 2967 Plinii,
595 2896 698 2959 ntulto
713 2901 820 2959 minue
835 2898 953 2980 aliquid
967 2899 1007 2961 de
1027 2899 1085 2961 stn-

44 2999 147 3086 grtluri
162 3019 276 3063 eorum
291 3001 434 3085 ingenio.
462 2997 556 3060 Unde
571 2996 708 3060 hauserit
724 2997 845 3071 Noster,
867 3020 934 3063 non
950 3001 1059 3082 liquet.

120 3203 164 3265 ri
171 3194 202 3295 s
206 3202 253 3286 u)
302 3205 350 3267 ita
371 3201 438 3266 iere
457 3203 591 3265 Pacatus
616 3204 650 3264 in
675 3202 832 3289 Panegyr.
858 3204 898 3266 od
921 3203 1083 3270 Theodoi.

42 3303 129 3389 Aug.
146 3325 214 3387 cap.
231 3317 291 3384 25.
308 3310 337 3384 §.
354 3317 389 3388 4.
411 3303 577 3396 degustato
594 3303 765 3367 Sardorum
781 3307 958 3387 graminum
971 3298 1082 3398 succo,

35 3398 195 3495 feruntur
215 3409 248 3468 itt
270 3419 369 3468 morte
391 3405 503 3479 ridere,
530 3406 589 3467 ubi
612 3407 688 3468 vide
703 3409 856 3470 Atntzen.
872 3421 905 3470 et
921 3428 999 3490 quoe
1017 3409 1083 3470 lau·

42 3508 109 3569 dat.
142 3508 227 3569 Attae
241 3500 305 3600 risu
318 3510 425 3580 emori,
448 3503 570 3593 γέλωτι
584 3503 780 3594 irretiamur,
802 3511 842 3572 de
858 3509 1084 3592 quatiuntur

40 3609 81 3669 ad
99 3608 265 3674 claudian.
281 3613 314 3672 in
331 3609 462 3675 Consul.
478 3610 576 3674 Probi
592 3631 626 3674 v.
641 3625 727 3675 220.

208 3815 239 3892 §.
267 3827 301 3894 5.
345 3806 496 3906 ferae)
544 3815 595 3876 Ex
616 3813 830 3896 superioribus
849 3815 990 3896 adparet.
1016 3815 1081 3880 hoc

40 3913 75 3973 in
90 3913 204 3995 primis
223 3917 262 3977 de
278 3915 477 3998 serpentibus
494 3918 570 3979 dici.
605 3919 653 3978 Ita
669 3917 795 3980 Luctet.
810 3919 842 3988 6.
858 3918 939 3994 766.
949 3909 1080 4010 serpen·

37 4016 89 4076 tio
96 4006 190 4106 ficio
200 4009 362 4107 ferarum,
389 4034 422 4082 et
437 4019 493 4084 Sil.
511 4019 581 4085 ital.
597 4019 631 4093 6,
648 4021 733 4100 268.
755 4021 954 4106 alternasque
964 4010 1079 4112 fentm
