2650 4896
281 429 346 512 ayo
550 431 710 490 noran
750 426 1051 489 axaoarrcta

284 607 382 667 Tom.
402 619 459 686 52.
475 623 507 688 p.
523 615 606 682 575.
647 605 684 666 In
704 601 758 668 hie
778 625 858 666 vero
874 601 1036 666 d'Anville
1053 599 1195 690 sequitur
1209 604 1300 666 Ptole·

282 724 432 800 mamam,
459 701 534 790 qui,
569 727 645 769 cum
669 703 824 792 deinceps
854 703 1007 770 subiiciat
1031 702 1200 785 Scythiam
1225 719 1301 767 exue

282 809 423 878 Imaum,
451 804 655 890 aliquatenus
671 805 781 870 tamen
798 805 960 890 discrepat
976 827 994 868 a
1008 806 1135 879 Nollro,
1159 803 1211 868 cui
1229 805 1301 867 inter

284 911 380 972 Sacae
397 923 430 970 et
445 909 594 968 Taurum
610 929 705 982 mons
725 905 898 972 interiacet
913 906 1034 979 Tabia,
1065 905 1124 992 qui
1140 927 1215 970 cum
1231 903 1299 971 mari

283 1007 475 1080 immineat,
510 1006 589 1070 licet
619 1007 696 1072 fallo
725 1007 950 1093 praedicetur,
985 1009 1026 1070 ad
1052 1004 1301 1092 septemtrionem

282 1126 394 1174 tamen
412 1107 559 1191 spectare⁴
570 1111 677 1174 debet.
718 1108 840 1193 Colligi
859 1125 969 1172 autem
987 1111 1068 1172 hacc
1084 1131 1125 1172 ex
1141 1111 1225 1172 Meta
1242 1108 1298 1192 pol·

282 1211 367 1278 sunt.
401 1211 535 1275 Deserta
558 1207 710 1290 Scythiae
731 1212 821 1284 lunt,
847 1232 905 1295 per
922 1231 1004 1295 quae
1021 1233 1061 1274 ex
1076 1208 1300 1294 Sogdianorum

281 1309 474 1396 regionibus
494 1309 530 1372 in
546 1311 736 1392 Scythicum
759 1333 850 1376 mare
867 1328 988 1376 exeunt
1009 1315 1151 1374 Iaxartes
1166 1326 1198 1372 et
1214 1310 1298 1374 Oxus.

282 1411 333 1500 (3,
352 1428 385 1491 5,
403 1413 451 1498 6.)
490 1413 580 1476 Oxus
596 1430 706 1476 autem
722 1435 798 1476 cum
815 1411 1004 1476 auctoribus
1020 1411 1091 1476 aliis
1110 1434 1150 1476 ex
1162 1409 1299 1480 Caucaso,

282 1514 505 1578 Macedonum
520 1534 611 1578 more
633 1530 665 1577 et
686 1515 850 1584 sermone,
877 1513 973 1586 fluat,
1001 1515 1197 1594 Scytharum
1214 1527 1244 1574 et
1260 1507 1298 1572 ihi

282 1617 357 1682 sunt
371 1613 505 1680 deserta.
538 1618 627 1677 Ultra
643 1637 720 1678 eum
736 1615 810 1678 lunt
826 1617 937 1687 Sacae,
957 1613 1207 1700 interiectisque
1222 1609 1299 1674 vastia

281 1715 364 1782 locis
383 1713 482 1780 Tabia
497 1714 657 1804 sequitur,
684 1713 742 1803 qui
757 1714 867 1780 Plinio
883 1719 915 1789 6,
935 1735 990 1780 oo.
1009 1717 1030 1781 s.
1052 1733 1106 1798 17.
1131 1715 1174 1778 est
1189 1729 1298 1777 tantum

281 1822 388 1902 iugum
407 1822 488 1880 mori
507 1817 669 1886 incrtbans.
718 1821 771 1882 Ex
784 1837 850 1904 quo
867 1839 946 1880 vero
966 1815 1118 1880 videatur
1135 1817 1195 1880 elIe
1214 1811 1299 1876 hodie

287 1920 412 1984 Tenkier
429 1917 465 1980 in
482 1917 613 1982 Tataria
633 1919 748 1993 libera,
775 1917 888 2006 inqua
907 1916 1006 1981 etiam
1023 1935 1098 1982 ante
1113 1916 1208 1980 illum
1222 1935 1298 1977 mon·

282 2039 348 2086 tem
367 2043 406 2082 ex
420 2023 527 2082 Melae
544 2035 654 2084 mente
669 2023 769 2084 Sacae
785 2018 963 2107 quaerendi
976 2021 1008 2084 lr.
1024 2018 1192 2082 videntur.
1219 2019 1299 2079 Forte

169 2203 173 2208 Μ
282 2123 324 2186 ad
355 2120 465 2184 Tobin
500 2117 643 2204 pertinet
673 2122 896 2184 Comedorum
922 2138 1078 2184 montana
1110 2119 1202 2205 regio
1227 2115 1298 2200 apud

281 2225 420 2287 Ptolem.
438 2225 471 2292 6,
492 2237 545 2298 13.
573 2222 614 2282 ad
630 2241 729 2308 quam
745 2222 984 2286 adscenditura
1001 2219 1179 2304 Sogdiana,
1204 2237 1297 2304 quam·

281 2322 332 2388 vis
350 2339 425 2386 ante
447 2325 543 2386 Sacas
559 2325 695 2406 posrtam
710 2321 827 2396 video,
855 2339 888 2385 et
908 2321 1118 2386 Intervallum
1136 2321 1218 2384 illud
1231 2314 1296 2380 tolli.

283 2427 348 2490 Sed
379 2423 419 2488 stc
441 2425 646 2487 Ptolemaeus
671 2427 761 2488 secus
788 2445 825 2486 ac
849 2425 962 2486 Noster
991 2422 1103 2486 omnia
1134 2419 1192 2484 hic
1214 2414 1296 2482 nimia

282 2541 408 2592 coartat
430 2541 464 2587 et
486 2523 640 2602 adducit,
674 2523 733 2590 nisa
751 2523 824 2611 quie
847 2526 889 2588 ad
907 2525 1001 2620 vasta
1022 2527 1092 2587 loca
1111 2520 1216 2586 Nostri
1235 2523 1296 2598 Scy·

282 2625 388 2692 thiam
413 2623 594 2688 Ptolemaei
627 2641 716 2689 extra
747 2629 875 2688 Imaum
907 2624 1072 2709 pertinere
1095 2623 1199 2690 malit.
1247 2619 1296 2682 Co·

281 2729 457 2792 medorum
484 2724 586 2810 igitur
616 2743 745 2791 montes
779 2726 880 2790 hodie
913 2726 1066 2789 Tibeticos
1094 2741 1127 2788 et
1163 2714 1296 2816 Casclrca

281 2832 365 2893 ricus
382 2843 488 2912 partes
506 2826 609 2889 Tauri
626 2844 720 2912 putat
737 2827 975 2890 Tieffenthaler
990 2825 1230 2906 Beschreibung
1243 2840 1295 2882 von

281 2928 463 2994 Hindollan
480 2930 519 2992 T.
535 2951 563 2992 r.
575 2931 645 3008 (ed.
656 2907 844 3008 Bernhulli)
864 2951 896 3013 p.
916 2953 969 2992 ιο.
995 2931 1100 3010 Reges
1113 2931 1261 2992 Sacarum
1272 2933 1297 2981 et

170 3095 174 3104 ,
281 3029 410 3117 regiam
437 3032 644 3092 »Roxartacen
688 3045 925 3094 commemorat
964 3028 1118 3094 Nicolaua
1168 3022 1295 3090 Damafc

281 3154 353 3218 pag.
374 3147 432 3210 30.
451 3131 500 3194 ed.
519 3127 646 3194 Orellii.

349 3293 519 3393 scatet)
570 3297 794 3383 Reprehendit
815 3297 989 3376 Verderius
1005 3301 1038 3362 h.
1061 3321 1092 3366 v.
1121 3299 1162 3362 de
1182 3313 1244 3384 quo
1264 3287 1297 3353 ci.

282 3402 326 3466 ad
346 3425 375 3475 t,
393 3421 428 3482 9,
447 3416 478 3478 3.
497 3423 529 3484 p,
549 3403 631 3482 269.

361 3567 476 3661 vasta
491 3603 543 3616 -·
551 3566 571 3650 )
614 3565 697 3630 nott
712 3567 885 3640 desertum,
908 3565 995 3632 Sinie
1014 3569 1148 3642 Clamo,
1174 3562 1296 3633 Chinan

282 3672 392 3734 verius
408 3665 671 3754 septemtrionem
688 3665 841 3752 cingens,
869 3686 902 3732 et
918 3669 1026 3733 Tabirr
1045 3673 1146 3733 Goreo
1162 3687 1242 3755 pene
1258 3665 1293 3723 in·

284 3775 387 3834 Iulam
408 3786 502 3855 putat
514 3771 641 3832 Heeren
660 3771 700 3831 de
718 3771 943 3834 Romanorum
963 3769 1084 3834 notitia
1100 3771 1211 3834 Indiae
1224 3767 1255 3831 P.
1271 3783 1292 3822 ¹·

282 3894 317 3956 p.
333 3885 390 3953 95.
410 3871 446 3935 in
462 3885 671 3938 commentat.
693 3907 737 3922 --
757 3871 922 3957 Goetting.
943 3875 1013 3935 Vol.
1035 3896 1089 3935 11.

365 4038 493 4102 Tabira
501 4037 520 4122 )
570 4037 627 4106 Uti
648 4037 856 4105 iamdictam
874 4043 934 4119 est,
956 4039 1083 4105 Pliniue
1100 4055 1197 4104 vocat
1209 4039 1293 4116 tagra

285 4141 368 4206 mari
389 4137 552 4204 incubans.
611 4140 742 4230 Quibus
774 4140 883 4207 verbio
918 4146 1004 4206 male
1038 4138 1179 4228 acceptio
1209 4130 1291 4203 Solio·
