2650 4896
128 417 339 478 retrudor.
369 421 476 480 Mat..
517 421 553 480 t..
575 423 630 478 111.
674 420 778 482 ovt.
822 425 900 496 §.a
972 431 1032 494 215

23 593 131 656 Thulen
154 605 300 674 petentes
321 592 412 654 bidui
433 593 635 679 navigatione
656 591 792 678 perlecta
817 593 961 676 excipere
984 592 1029 654 ait

21 694 184 766 Haebttdee;
211 694 350 757 Orcades
364 715 460 776 porro
475 695 513 756 ab
530 696 735 758 Haebudibue
752 695 812 757 else
829 692 947 778 septem
963 693 1029 755 die·

19 816 77 857 rom
100 795 295 877 totidemque
320 797 464 858 noctium
491 795 596 868 cursu,
629 799 766 880 denique
790 795 829 858 ab
853 794 1029 858 Orcadibue

19 895 126 958 'sbuleu
147 915 246 978 utque
263 896 323 960 esse
339 899 478 980 quinque
494 897 616 960 dierum
633 919 667 960 ac
689 899 834 960 noctium
854 897 1028 982 navigatio·

18 1017 90 1058 nem.
122 996 163 1059 tt
178 995 251 1058 sunt
265 998 387 1059 turbata
403 1020 456 1070 ea,
481 1017 542 1062 nee
557 999 612 1059 fibi
627 999 784 1070 conslant,
809 1012 1027 1082 praeterquam

19 1097 88 1180 quod
103 1095 237 1160 Orcades
253 1099 293 1159 ab
315 1098 522 1162 Haebudibue
542 1112 669 1160 tanturn
686 1115 825 1164 remotae
847 1101 1027 1168 videantur,

19 1197 59 1258 sed
73 1196 108 1258 fic
124 1216 189 1260 uon
213 1213 367 1280 utraeque
382 1201 513 1282 perinde
526 1219 543 1261 a
556 1201 739 1272 Calidonia,
764 1217 856 1282 atque
873 1201 1027 1262 adfirmat.

20 1299 47 1359 v.
61 1299 185 1360 omnino
201 1300 368 1363 Pontanua
382 1303 415 1362 iu
440 1303 587 1386 chorogr.
600 1303 720 1364 Daniae
736 1302 879 1384 descript.
895 1322 928 1384 p.
943 1309 1027 1380 745.

17 1396 61 1456 obi
84 1413 188 1462 contra
221 1403 372 1466 solinum
398 1404 585 1486 dieputatur.
635 1405 683 1464 Ex
710 1403 777 1487 ipso
810 1417 916 1464 tamen
944 1399 1030 1461 Mela

17 1499 101 1582 paria
124 1501 278 1563 obiicitur
302 1499 477 1568 difficultate.
529 1503 615 1566 Cum
641 1505 728 1567 enim
752 1525 768 1565 a
793 1502 1028 1586 septemtrione,

17 1599 58 1660 tel
70 1599 171 1663 occaso
187 1603 226 1664 ad
243 1605 401 1666 orientem
421 1607 657 1690 progrediatur,
684 1607 768 1688 quod
784 1619 817 1668 et
830 1603 947 1666 insulae
962 1599 1030 1684 posi

18 1699 115 1760 iasine
129 1702 267 1766 Codano
283 1705 471 1777 oslendunt,
496 1708 551 1788 qui
567 1706 669 1790 potest
683 1708 721 1768 ab
739 1706 911 1769 Orcadibua
925 1703 1029 1765 redire

18 1799 212 1876 addebudee,
242 1805 265 1863 s1
283 1803 353 1866 sunt
371 1807 510 1878 eaedem,
538 1823 570 1868 et
589 1805 665 1868 saltu
681 1806 775 1877 sacto,
802 1809 918 1869 relictia
936 1804 1028 1866 Oroe-

19 1900 101 1970 dibut,
122 1905 158 1964 ad
175 1905 263 1967 sinna
272 1906 396 1970 Codani
413 1907 525 1970 insulas
539 1907 647 1979 relabi,
670 1911 717 1970 uti
735 1907 852 1970 lllelam
873 1911 906 1968 in
924 1903 1030 1967 tabula

19 2003 91 2061 duxit
108 2003 310 2070 Reinoltliua.
362 2003 461 2092 Quod
478 2008 647 2074 Cluverius
659 2011 693 2070 in
709 2010 818 2072 Germ.
836 2021 900 2070 ant.
919 2021 951 2084 3,
966 2017 1027 2083 4ο.

18 2103 129 2182 p.663.
152 2108 230 2186 (ubi
255 2109 345 2192 plura
369 2109 573 2189 adseruntur)
599 2112 713 2172 erroris
728 2109 878 2173 Nollrum
899 2105 1029 2177 incusat,

19 2219 160 2281 quoactus
176 2209 211 2270 in
229 2209 365 2272 Codano
388 2209 454 2270 sinu
474 2210 632 2292 posuerit,
658 2213 737 2274 mala
754 2211 907 2272 librorum
924 2207 1030 2269 dilliu·
1134 2199 1139 2216 ’

20 2303 105 2366 ctione
120 2308 273 2391 deceptus
293 2309 346 2373 eli.
399 2313 497 2373 Aliter
519 2313 703 2398 Schoeuing
717 2333 786 2397 pag.
803 2325 862 2388 5⁰·
881 2330 908 2372 c.
926 2309 946 2370 l.
973 2308 1031 2390 qui

20 2416 60 2462 aut
72 2411 252 2490 transposita
268 2411 364 2472 verba
382 2427 487 2493 putat,
515 2427 570 2474 ant
584 2416 691 2496 potitae
707 2434 780 2475 eum
798 2413 891 2472 situm
907 2429 945 2472 ex
962 2404 1031 2490 opi·

19 2505 99 2568 aione
120 2523 267 2572 veterum
293 2513 332 2574 de
355 2515 534 2575 Britanniae
556 2529 589 2576 et
615 2515 787 2576 Hiberniae
812 2513 869 2573 sttu
892 2510 1030 2593 positum

20 2603 80 2678 ese;
104 2609 291 2674 Hiberniam
314 2615 400 2674 enim
422 2617 460 2674 ad
483 2613 742 2696 septemtrionem
756 2615 936 2676 Britanniae
957 2628 1031 2674 cou-
1103 2600 1106 2611 '

20 2703 126 2779 locasse,
152 2727 184 2772 et
200 2715 399 2775 Britanniam
415 2719 495 2776 inter
511 2717 708 2777 occidentem
725 2729 757 2778 et
775 2713 1032 2796 septemtrionem

21 2811 186 2884 extendisse,
220 2817 309 2896 quod
332 2816 462 2896 quidem
490 2817 623 2878 declaret
643 2815 706 2899 ipse
732 2817 815 2878 llllele
838 2815 924 2898 supra
947 2817 976 2892 §.
995 2821 1031 2890 4.

22 2901 202 2997 ltsnper§.
229 2917 264 2978 6.
298 2913 386 2999 saepe
420 2916 592 2999 simplicem
624 2932 749 2980 tantuna
783 2909 1033 3000 progressionem

24 3005 131 3075 indicat.
177 3013 232 3078 Cs.
256 3033 325 3078 not.
347 3015 415 3080 cr'it.
437 3019 475 3079 ad
498 3039 527 3088 t,
547 3033 580 3088 2,
599 3031 631 3095 5.
656 3038 726 3102 pag.
748 3029 815 3096 ¹⁰5
832 3015 872 3098 sq.
925 3015 1032 3096 Quare

23 3105 155 3176 Hebudes
176 3129 210 3178 et
233 3117 415 3179 Haemodae
440 3119 612 3199 discrepare
638 3120 806 3188 videntur,
838 3117 894 3179 etsr
921 3112 1035 3176 Noster

24 3203 87 3273 solra
105 3232 260 3279 memorat
276 3219 472 3288 Haemodae,
500 3219 700 3282 Ptolemaeus
719 3237 752 3291 a,
772 3237 804 3282 a.
827 3215 903 3280 solae
926 3213 1034 3276 Hebu-

25 3309 82 3383 ἀει,
107 3319 190 3379 unde
207 3321 302 3380 etiarn
318 3319 483 3382 Salmaslue
498 3339 524 3382 c.
543 3321 564 3382 l.
585 3321 710 3383 eaedem
727 3329 827 3403 putat.
867 3317 941 3378 lllae
953 3315 1035 3376 ultra

24 3407 212 3490 Hiberniam,
242 3420 301 3482 hae
326 3421 404 3480 circa
426 3421 626 3484 Germaniam
649 3423 724 3483 citra
743 3422 844 3483 linum
867 3416 1035 3482 Codanum
1095 3425 1099 3432 '
1126 3487 1130 3494 ι

25 3521 204 3589 quaerendae
230 3521 268 3582 ab
294 3519 469 3583 Orcadibua
495 3521 649 3604 proiecto.
711 3523 759 3583 lbi
786 3539 862 3582 vero
887 3531 920 3582 et
941 3515 1037 3577 bodie

27 3617 127 3681 multae
151 3619 223 3682 sunt
245 3620 381 3692 insulae,
415 3637 447 3683 et
463 3623 541 3685 olirn
562 3626 677 3684 multae
693 3621 779 3684 sitisse
798 3643 837 3683 ex
852 3619 1037 3682 Ptolemaeo

27 3726 54 3782 2,
74 3739 122 3783 tt.
144 3722 349 3808 intelligitur,
375 3724 429 3803 qui
453 3735 472 3800 3
490 3724 649 3786 Saxonum
667 3722 780 3785 insulae
796 3736 828 3782 et
846 3719 967 3782 Aloniat
983 3735 1040 3778 no·

28 3819 123 3883 minat.
172 3823 243 3884 lllae
262 3823 391 3886 Cluver.
409 3825 442 3883 in
460 3824 569 3888 Germ.
585 3839 649 3887 ant.
669 3838 701 3902 3,
719 3837 776 3903 ΩΒ.
803 3819 858 3882 ubi
875 3822 914 3882 de
933 3816 1041 3880 insulie

29 3923 147 3984 omuino
163 3923 317 4006 exposuit,
336 3925 471 4005 adpellat
485 3925 518 3987 lt.
530 3923 659 3995 Strottcl,
677 3915 792 4015 Brtsen,
810 3921 921 4002 Helige
932 3917 1042 3983 Laud.

29 4015 231 4086 Dancltwetth
246 4027 279 4087 in
294 4023 419 4088 Beschr.
436 4045 502 4088 von
520 4027 694 4111 Schleewig
709 4046 740 4087 u.
758 4022 900 4086 Holllein
914 4043 945 4104 p.
960 4031 1041 4102 147.

28 4117 212 4218 Eyderstedt,
227 4118 421 4220 Eversedop,
438 4140 472 4192 et
489 4125 630 4192 Utstoim.
652 4127 834 4212 Schoening
848 4146 879 4208 p.
893 4126 974 4202 165.
984 4142 1010 4186 c.
1021 4123 1043 4184 l.
