2696 4896
249 431 309 479 ιιο
515 417 676 477 tuom
713 403 1015 478 exuorrrctu

252 603 362 654 tatem.
402 589 555 654 Ceterum
571 591 701 656 solstitio
714 594 795 656 latur
813 591 930 656 lolliitii
944 593 1097 654 uimimm
1114 591 1291 660 intellexit.

254 695 332 756 licut
346 693 459 754 bruma
474 695 554 756 lutue
575 693 721 766 bmmae‚
748 696 810 756 boc
831 694 892 766 ell,
924 694 1141 774 hemicyclum
1161 693 1297 753 bruma·

255 795 336 856 lium
363 793 535 879 lignorum.
594 797 619 858 Δ
649 795 777 859 solstitio
805 797 893 858 enim
918 797 959 857 ad
982 815 1080 876 ueque
1112 796 1297 855 marimum

256 893 439 978 parallelum
455 909 520 958 tota
536 895 605 960 lolio
618 899 866 960 circumvolutio
883 884 968 980 apud
985 897 1055 958 illoc
1070 895 1179 956 occulo
1195 909 1295 965 caret.

257 995 371 1058 licute
394 999 525 1082 regione
548 999 616 1060 eine
640 999 777 1061 ambitus
796 1020 814 1059 a
831 998 982 1060 brumalis
1004 997 1122 1060 solstitii
1142 995 1297 1078 parallelo

259 1098 298 1160 ud
320 1117 418 1178 utque
440 1101 646 1161 mediatorem
665 1113 736 1160 ortu
758 1115 841 1162 curet
860 1113 892 1161 et
912 1101 1084 1184 nogione.
1116 1112 1151 1158 ut
1173 1113 1207 1167 u,
1230 1111 1296 1172 7¹7.

261 1192 305 1284 [l.
324 1195 403 1287 79.]
427 1201 560 1264 Plinius.
596 1201 778 1264 Solstitialee
793 1203 860 1264 dieu
875 1202 953 1262 dixit
969 1221 1035 1271 eor.
1059 1202 1114 1282 qui
1129 1199 1168 1260 ab
1182 1219 1299 1280 aequa-

261 1312 330 1362 tore
350 1303 384 1360 in
407 1301 571 1364 solstitium
592 1324 689 1386 usque
712 1316 860 1386 vergunt.
911 1304 1038 1384 Alioqui
1061 1322 1135 1362 cum
1164 1313 1297 1360 tuntum

261 1420 345 1463 uuue
362 1401 396 1462 dt
413 1401 593 1474 lolllitinlie,
621 1407 716 1466 unius
730 1405 834 1466 lateris
849 1405 916 1465 dies
932 1405 1105 1486 improprie
1122 1401 1300 1462 lulllitiulea

261 1501 453 1566 dicerentur.
504 1497 654 1596 Aversurn
686 1525 762 1567 vero
796 1500 974 1568 ductilltme
1003 1507 1101 1584 dixit,
1128 1493 1296 1591 [Plinius]

260 1605 347 1684 quod
380 1606 441 1668 illie
472 1620 602 1690 propter
632 1607 802 1668 maximam
836 1607 1072 1690 elongationem
1099 1603 1219 1684 lemper
1252 1601 1299 1664 atl

260 1704 354 1766 lutera
383 1707 562 1778 imminent,
603 1728 766 1789 nunqnam
795 1709 834 1769 acl
857 1707 984 1778 wuith,
1017 1705 1299 1788 quemadmodum

261 1807 354 1870 nobit
375 1807 517 1872 inclinet.
535 1845 587 1858 -
611 1828 796 1873 vtnrtrtvr.
837 1809 961 1870 Plinius
988 1801 1037 1894 [c.
1058 1801 1101 1892 l.]
1129 1802 1298 1866 manifeste

262 1910 396 1980 erravit,
432 1924 465 1972 et
495 1911 720 1993 Hyperboreos
746 1929 820 1972 cum
848 1911 988 1972 Thulitie
1019 1907 1182 1977 confudit,
1215 1925 1298 1966 cum

263 2021 369 2072 temen
396 2011 595 2092 Hyperborei
619 2010 673 2072 sub
694 2010 760 2094 iplo
783 2013 896 2072 mnndi
919 2011 1045 2072 curdine
1068 2007 1298 2076 describuntur,

262 2109 327 2170 hoc
340 2110 393 2178 cll,
420 2109 476 2171 tub
492 2113 567 2192 polo
583 2114 707 2184 mnndi,
730 2112 837 2174 Thule
854 2131 931 2174 vero
946 2113 1063 2174 directe
1078 2111 1154 2193 polo
1165 2109 1300 2170 Zodieci

263 2207 370 2279 lublit,
397 2211 480 2270 iuxta
500 2211 690 2294 hypothesin
708 2213 822 2276 hlelee.
874 2215 972 2275 Recte
988 2231 1066 2274 vero
1086 2213 1126 2273 de
1141 2212 1215 2282 illis,
1240 2209 1298 2289 qui

151 2389 155 2398 ι
260 2311 295 2370 in
310 2311 419 2373 Thule
434 2311 591 2385 habitant,
616 2315 677 2377 hoc
694 2313 752 2385 cll,
779 2314 818 2375 de
834 2313 1016 2398 Norwegie,
1040 2313 1248 2396 Lupponibuc
1263 2322 1300 2370 et

262 2411 411 2482 blandit,
454 2411 509 2476 sub
542 2417 656 2478 arctico
688 2415 909 2486 [inrdiculo.
942 2417 1072 2485 dicitnr,
1107 2413 1234 2475 solstitio
1259 2412 1300 2472 iic

262 2509 360 2572 lolem
391 2511 486 2576 lumel
513 2519 604 2586 oriri.
637 2517 748 2578 bruma
773 2536 851 2578 vero
882 2516 976 2578 lemel
1001 2515 1155 2578 occidere.
1207 2513 1298 2576 Cum

261 2613 349 2673 enim
371 2633 427 2696 per
446 2628 552 2678 totum
567 2639 688 2679 annum
707 2617 749 2678 tot
765 2617 803 2678 iit
818 2619 960 2698 quotidie
977 2619 1094 2678 oriatur
1110 2631 1142 2676 et
1161 2615 1298 2682 occidet,

262 2713 390 2777 duobus
422 2729 548 2778 tuntum
575 2719 770 2800 temporibus
796 2719 829 2778 irl
863 2738 929 2779 non
956 2719 1130 2801 contingit,
1166 2714 1298 2776 lolllitio

261 2833 378 2897 nempe
398 2831 429 2879 et
452 2819 574 2882 brume.
617 2820 757 2883 Solllitio
777 2822 894 2902 qnippe
916 2839 988 2880 cum
1013 2817 1124 2897 [0147
1145 2816 1300 2901 grudibue

263 2912 352 2997 [upra
373 2917 575 2980 horizontem
596 2922 706 2992 cudat,
740 2934 808 2980 tum
831 2939 898 2980 non
920 2919 1053 2990 occidit,
1084 2918 1222 2980 ledtoto
1240 2915 1298 2978 luo

262 3017 379 3081 circulo
414 3020 600 3102 conspicuus
638 3023 697 3092 est,
735 3035 882 3100 totusque
919 3019 1159 3102 quodammodo
1190 3019 1301 3080 oritur

263 3117 356 3179 simili
378 3137 472 3204 atque
502 3119 649 3184 lebulolie
676 3121 891 3206 Hyperboreis
920 3136 1008 3192 ortu,
1045 3121 1118 3182 licet
1138 3121 1177 3182 ud
1196 3119 1300 3180 breve

261 3215 406 3300 lpatium.
458 3223 575 3284 Bruma
592 3243 668 3286 vero
687 3223 730 3286 lol
754 3225 792 3286 iic
814 3223 944 3293 occidit.
971 3223 1044 3304 quir
1061 3235 1129 3282 tum
1146 3240 1212 3282 non
1235 3220 1301 3281 ori·

262 3334 334 3394 tur;
363 3336 433 3386 toto
455 3327 541 3386 enim
562 3322 617 3385 luo
633 3325 750 3386 circulo
767 3323 821 3384 lub
839 3325 1133 3386 terremcouditnr.
1185 3323 1299 3403 ltaque

264 3421 416 3486 Thulltae
431 3443 497 3486 uno
516 3437 638 3488 tanturn
654 3427 706 3487 dic
725 3424 820 3486 solem
841 3423 984 3486 aversum
1006 3424 1181 3493 habebunt,
1207 3421 1300 3502 quod

262 3541 426 3606 perperam
459 3524 673 3609 Hyperboreis
699 3528 811 3587 tribuit
836 3525 968 3588 Plinius.
1004 3545 1149 3588 voeerve.
1199 3522 1301 3584 Plinii

262 3623 335 3688 loco
355 3623 531 3689 succurrere
551 3627 671 3690 lluduit
686 3627 781 3689 etium
797 3626 924 3689 Caelius
939 3627 1143 3711 Rhodiginue
1165 3625 1297 3686 lection.

262 3726 381 3807 antiqu.
406 3729 459 3796 16.
486 3744 545 3792 αα.
580 3731 657 3788 dum
699 3727 805 3790 verbis
843 3727 1034 3808 transpolitie
1066 3723 1298 3789 licrelcribit:

263 3823 406 3917 Semestrt‘
425 3829 492 3890 luce
511 3841 543 3890 et
563 3849 628 3889 tuto
647 3828 697 3889 die
721 3825 762 3890 ub
786 3829 984 3910 aequinoctt‘o
1014 3849 1110 3890 verno
1132 3829 1165 3888 t'n
1187 3837 1299 3886 auoru-

261 3937 390 3997 mrrum,'
414 3950 487 4000 non,
514 3941 553 3990 ut
573 3930 711 4008 imperiti
731 3929 846 3999 dixere,
870 3920 952 4028 s⁰l⁴¹⁸
972 3926 1092 4017 uverfi,·
1127 3927 1297 3989 [nlilitialee

261 4028 349 4088 enim
372 4029 439 4092 dice
461 4029 520 4092 elle
544 4030 695 4098 uestinos,
730 4030 940 4110 brumamque
970 4049 1027 4110 pro
1052 4031 1159 4091 hieme
1182 4028 1299 4090 intelli·

261 4127 409 4215 gendum.
452 4130 521 4193 Alie
538 4129 584 4192 illi
604 4131 727 4195 ratione
744 4131 867 4195 mederi
882 4130 983 4193 studet
1000 4129 1126 4194 sumit.
1142 4131 1177 4192 iu
1196 4129 1295 4193 Solio.
