2746 4894
166 412 525 475 mnostrum.
565 413 674 474 cnr.
715 412 850 476 cvm
892 416 971 494 ις.
1035 411 1099 494 est

131 590 194 656 ibi
201 589 277 653 das
286 588 304 672 )
343 589 538 654 Graecorum
552 607 661 659 more.
684 590 782 654 etiam
796 589 850 654 bic
865 591 981 656 Graece
995 591 1109 654 utitur·

50 695 295 762 terminatione.
341 693 455 756 Cicero
477 693 518 755 de
539 706 603 756 nrt.
627 693 727 756 Deor.
747 710 777 767 ι,
796 695 854 775 36.
882 705 920 754 ut
936 691 1021 756 Plin.
1042 713 1100 766 ro.

50 809 118 884 4ο.
134 797 157 859 s.
176 807 235 874 28.
257 797 369 858 [utine
391 793 463 858 ibes.
516 791 619 877 Ipsam
636 813 729 856 avem
752 808 1008 858 commemorant
1030 795 1101 878 plu·

49 921 106 964 ree
128 913 254 984 praeter
276 895 461 980 superiores.
508 896 637 979 Duplex
660 915 769 958 earum
792 917 896 982 genus
918 894 1102 960 describunt

52 1002 220 1076 Herodot.
237 1015 270 1070 o.
292 999 352 1075 76.
375 1014 409 1062 et
429 997 544 1062 Strabo
568 1015 622 1073 ¹7·
646 1018 679 1081 p.
698 999 783 1076 566.
805 997 826 1064 s.
844 1009 929 1077 823.
955 1001 1010 1080 qui
1034 998 1104 1082 qui·

52 1106 132 1166 dem
157 1101 262 1165 scribit
282 1102 357 1164 uliae
378 1102 412 1162 in
434 1118 558 1163 morem
574 1096 771 1162 ciconiarum
793 1099 853 1163 esse
877 1101 996 1172 variae,
1027 1102 1102 1164 ultre

53 1208 174 1291 nigros.
226 1203 340 1288 Nigrae
362 1222 436 1264 cum
460 1201 656 1284 serpentibue
678 1221 822 1286 pugnare
840 1203 984 1265 adfirmet
1000 1203 1103 1266 Hero·

54 1309 174 1378 dotuer
196 1307 265 1382 (uti
276 1305 396 1367 delion.
414 1303 483 1366 bisi.
500 1305 598 1366 enim.
615 1318 648 1373 u,
666 1306 744 1384 38.)
770 1303 832 1366 illie
847 1303 958 1366 tribuit
972 1304 1101 1368 nudum

55 1423 152 1491 caput
168 1423 201 1469 et
217 1391 357 1478 collum,
383 1423 503 1488 pennen
519 1405 684 1478 candidae,
706 1423 794 1466 crura
811 1418 844 1468 et
866 1404 960 1468 roiirt
980 1405 1104 1470 similit.

55 1512 152 1574 lianc
176 1506 439 1590 descriptionem,
469 1519 601 1572 notante
621 1507 661 1568 ed
685 1508 821 1572 Diodor.
844 1527 877 1580 r,
900 1517 960 1584 87.
985 1505 1104 1570 Wesse·

55 1613 173 1698 Hegio,
191 1609 439 1672 texeritheou
453 1628 625 1695 progymn.
637 1629 706 1694 cop.
727 1628 782 1672 ιι.
798 1631 832 1694 p.
853 1625 934 1674 122.
974 1608 1103 1673 Omitto

56 1715 134 1786 asta,
168 1733 248 1796 quae
272 1726 305 1774 et
327 1712 437 1797 augeri
458 1711 585 1795 possunt
601 1731 640 1772 ex
663 1711 784 1775 Aeliani
802 1711 844 1773 H.
861 1712 923 1776 An.
942 1728 975 1782 ιι.
992 1721 1050 1788 38·
1068 1723 1104 1776 et

62 1835 116 1887 ro,
141 1831 202 1896 29.
232 1828 265 1875 et
288 1812 431 1878 conlecta
460 1813 551 1875 dedit
582 1811 742 1876 Gesnerue
769 1815 805 1874 iu
832 1812 940 1878 histor.
973 1813 1103 1878 animal.

56 1919 117 1980 sib.
135 1931 169 1997 3.
191 1935 263 2000 pag.
276 1915 349 1998 546
363 1912 426 1997 sqq.
455 1915 488 1976 in
509 1913 625 1997 quibue
647 1910 786 1978 fabulosa
807 1915 921 1979 muln.
980 1913 1105 1978 Nostri·

58 2020 180 2082 dicitur
198 2015 283 2094 Ibis,
308 2017 388 2079 oiim
409 2016 584 2090 Nisret'ster,
608 2017 719 2080 multie
735 2008 1102 2110 Aegyptiscberstorcst.
1234 2049 1238 2056 ·

56 2120 176 2185 Peritir
198 2119 363 2180 doctrinae
383 2118 482 2180 buiue
508 2117 680 2189 Tantalus,
705 2119 812 2181 Ardea
826 2117 911 2189 rhu,
936 2116 1008 2181 Ibis
1030 2137 1105 2180 con·
1196 2149 1210 2172 ι

57 2221 149 2285 dida.
188 2221 322 2306 Nigrum
336 2221 487 2282 rariorem
504 2217 622 2291 serunt.
646 2232 678 2284 et
697 2220 864 2307 Aegyptiir
884 2221 948 2283 dici
962 2221 1103 2286 Ieterus.

59 2323 160 2408 Quod
180 2321 337 2384 Ludossue
355 2322 389 2382 in
407 2335 615 2384 commentar.
632 2321 702 2386 hisi.
718 2322 872 2404 Aethiop.
893 2342 924 2394 ι,
941 2341 1002 2402 90.
1023 2343 1039 2388 ι
1058 2319 1103 2406 sq.
1239 2309 1243 2317 ¹

57 2424 116 2487 ubi
141 2425 232 2508 plura
257 2425 298 2486 de
317 2442 371 2493 er,
405 2420 508 2486 scribit
531 2436 630 2488 totam
651 2425 775 2510 nigrum
791 2425 899 2488 colore
917 2424 995 2497 eise,
1026 2443 1104 2508 quo·

57 2527 161 2592 ruodo
177 2524 313 2610 intelligi
329 2524 452 2596 debent.
473 2525 613 2610 adparet.
648 2524 699 2590 Cs.
716 2527 756 2589 de
770 2547 806 2588 eu
817 2526 942 2589 Meister
955 2528 989 2589 iu
1005 2525 1104 2592 descr.

59 2629 101 2692 de
123 2609 278 2712 P'Egypte
298 2627 338 2689 T.
355 2643 388 2690 c.
412 2647 445 2710 p.
464 2643 524 2692 uu.
550 2629 606 2712 qui
629 2641 740 2712 putat,
768 2629 852 2690 banc
873 2628 973 2692 bodie
996 2629 1105 2692 vocari

59 2731 188 2812 estaporr
217 2729 257 2789 de
287 2729 456 2800 Pburuon.
495 2731 530 2791 io
553 2729 633 2794 urbe
661 2732 782 2813 Aseppo
809 2731 945 2810 Supbcrt
978 2731 1102 2798 Barba.

58 2831 166 2895 Metu
186 2833 283 2892 etiem
305 2829 394 2892 dabit
416 2830 624 2915 Hassencrrup
646 2831 681 2892 in
701 2832 785 2893 libro
806 2851 873 2894 von
892 2835 982 2896 einer
1001 2833 1106 2896 denk-

59 2934 232 3016 rrr'irdigeu
247 2931 377 3002 Antike.
399 2932 462 3010 (esi
476 2931 555 3009 ibin)
582 2933 633 2994 die
651 2931 713 2994 stcb
731 2935 764 2994 in
782 2935 839 2995 dor
854 2935 879 2996 F
880 2933 964 2998 iirsil.
980 2937 1106 3002 Samm-

59 3036 145 3120 iuug
159 3035 216 3096 der
231 3033 449 3096 ulteruttmer
461 3053 501 3096 cu
517 3032 616 3097 Cassel
631 3035 802 3098 voriindet.
822 3033 834 3112 (
843 3057 855 3096 r
865 3032 964 3121 786.)
998 3037 1106 3104 Habet

59 3137 159 3200 etiem
182 3137 316 3221 figuram
340 3134 561 3200 Middletonur
576 3137 611 3199 in
633 3137 781 3218 antiquit.
803 3151 1009 3230 monument.
1032 3159 1104 3226 ptg.

67 3255 151 3318 ¹⁹9·
174 3251 207 3299 et
222 3237 310 3319 pluro
327 3235 367 3297 de
382 3234 444 3321 ipsu
460 3237 560 3302 ibide.
585 3239 740 3301 Veterum
757 3251 791 3300 et
803 3240 1020 3302 recentiorum
1036 3261 1106 3304 nrt·

60 3341 203 3405 rutionee
224 3338 365 3423 conlegit
388 3341 428 3400 de
449 3339 538 3403 ibide
553 3359 656 3422 nuper
671 3338 843 3425 Langguth
862 3339 897 3402 iu
919 3341 1105 3424 prolusione

60 3443 102 3506 de
126 3441 265 3504 Mumiie
285 3441 395 3502 evium
417 3442 452 3502 in
467 3440 657 3520 labyrintho
682 3443 764 3524 opud
787 3442 931 3505 Securum
959 3445 1104 3527 repertis,

59 3543 170 3610 Viteb.
192 3555 298 3623 ¹805·
321 3551 357 3622 4.
407 3545 503 3606 dutut
518 3544 717 3630 Aegyptum,
746 3543 818 3626 quie
834 3543 993 3629 unguibue
1007 3545 1105 3610 vesci·

59 3660 130 3720 tur,
156 3663 217 3708 nec
233 3643 346 3730 sponte
367 3663 437 3708 eom
453 3643 560 3730 egredi
574 3647 718 3708 adfirmat
733 3645 859 3711 Aeliae.
879 3661 913 3717 o,
933 3657 991 3728 38.
1034 3647 1105 3712 Ser·

58 3747 213 3834 pentibue
239 3747 379 3808 maxime
403 3743 547 3809 insesitm
572 3749 703 3818 trudunt
729 3744 854 3831 loseph.
880 3762 946 3812 ent.
974 3749 1046 3814 lud.
1072 3769 1104 3824 u,

65 3869 123 3924 ro,
141 3863 177 3914 Β.
213 3849 325 3927 Glycte
348 3847 466 3912 Aunes.
489 3848 527 3910 P.
548 3864 582 3914 u.
604 3868 676 3935 pag.
698 3861 779 3927 115.
804 3850 959 3931 (Venet.)
984 3848 1105 3936 aliique

59 3951 265 4038 superiorum
288 3948 393 4014 multi.
445 3949 581 4033 Propter
605 3951 688 4014 bunc
710 3951 897 4024 utilitatem,
922 3973 1018 4034 quum
1040 3954 1105 4020 Ae·

58 4067 163 4142 gypto
187 4049 375 4137 praeliabat,
408 4070 503 4132 quum
524 4053 598 4116 eliae
622 4072 662 4116 ex
686 4051 868 4137 serpentum
893 4057 1105 4122 multitudine

58 4157 238 4244 periturum
260 4149 350 4219 suisse
374 4153 519 4220 adfirmet
538 4153 665 4224 neum
683 4155 726 4222 H.
743 4154 788 4222 A.
806 4171 841 4231 Β.
860 4167 919 4240 38.
941 4155 1022 4224 seut
1039 4153 1104 4225 suit
