2696 4896
145 419 353 481 ruuotur.
383 422 489 480 unt„
531 421 639 480 Lm.
681 424 771 486 av.
813 423 891 495 aa.
978 433 1037 494 ιη

46 599 108 666 hiet
121 593 245 660 Panion.
263 619 292 668 1.
308 611 390 676 312.
407 597 483 659 hinc
497 596 666 668 liiedonee.
685 617 765 680 quot
782 594 949 679 sequuntur
963 598 1038 679 Scy·

49 703 129 763 tiuet
145 699 292 780 deincepe
308 701 372 761 aiii.
421 701 462 762 At
481 719 539 782 pra
555 701 679 779 Scythia
702 701 836 761 omuino
857 698 1038 782 Arimaspoe

39 804 104 890 'pauit
116 799 295 864 callimach.
312 802 345 862 in
363 801 434 866 Del.
454 823 486 862 v.
505 817 588 881 291.
615 802 653 864 ad
670 819 764 882 quem
780 804 875 862 etiem
892 799 1036 865 decursu

41 905 81 964 tn
96 901 173 982 plura
192 901 415 983 spanhemius.
476 903 619 964 Primum
643 915 748 964 autem
770 903 951 964 detulerunt
974 905 1037 964 vir·

38 1005 117 1088 gines,
135 1003 244 1064 additio
261 1006 402 1086 quinque
418 1004 488 1066 viae
505 1001 678 1066 comitibus
699 1003 854 1074 nuribus.
880 1005 1039 1088 populari·

38 1105 208 1174 luaiirdem.
243 1107 298 1186 qui
323 1125 396 1166 cum
419 1123 484 1166 nou
508 1104 685 1176 rediiffenh
718 1105 795 1166 inde
819 1125 875 1188 per
897 1107 1036 1190 populna

35 1203 168 1272 miserunt.
207 1220 244 1266 ut
271 1205 367 1268 refert
395 1206 550 1269 Herodut.
572 1219 606 1284 4.
633 1220 691 1286 33.
744 1207 902 1268 Adhibitia
928 1223 1036 1270 autem

35 1307 112 1374 thiu.
133 1305 255 1369 citharie
273 1323 306 1369 et
325 1306 433 1369 nuntie
453 1307 529 1368 lucra
553 1309 670 1368 Delum
689 1307 814 1378 miliss'e.
841 1323 944 1372 narrat
961 1309 1036 1375 Plu·

34 1406 107 1494 urob.
122 1408 158 1469 de
174 1409 289 1471 mulien
306 1430 339 1492 p.
356 1411 439 1487 665.
465 1409 571 1492 (Opp.
593 1409 661 1473 Vol.
684 1429 737 1474 ιο.
756 1407 864 1494 Lipi)

87 1609 210 1690 vitio)
261 1611 386 1674 Plinius
402 1622 436 1690 4.
457 1612 516 1676 26.
538 1610 558 1674 i.
581 1627 634 1676 ¹2.
656 1611 755 1674 donee
771 1611 896 1674 violata
911 1609 981 1704 fide
1000 1611 1035 1673 iu

34 1713 153 1788 proximis
172 1713 354 1773 accolarum
374 1711 495 1804 finibus
518 1713 669 1793 deponere
683 1704 784 1805 sacra
806 1735 843 1773 ea
867 1713 1034 1806 instituere.

35 1809 163 1892 liquenti
195 1817 405 1876 conterminos
430 1805 565 1904 deferre.
596 1829 692 1898 atque
716 1816 766 1876 ita
793 1813 901 1875 Delon
926 1835 1032 1896 risque.

33 1911 201 1977 intonato.
227 1913 247 1975 i
270 1931 329 1978 aa.
357 1915 504 1998 Virgines
531 1917 681 1998 quoniam
708 1911 843 2007 perfidia
870 1905 1033 2006 hospitum

34 2031 78 2070 nou
95 2011 224 2076 illibatae
246 2007 449 2104 reveuiffeut.
482 2017 677 2088 devotionis.
709 2037 805 2100 quam
823 2036 947 2096 peregre
962 2035 1034 2096 pro·

30 2099 219 2199 sequebantur.
245 2117 447 2209 pontificium
465 2139 539 2178 mox
554 2120 640 2179 iutra
649 2115 734 2209 fines
743 2109 824 2208 suos
840 2129 1031 2197 receperunt.

35 2213 139 2276 ltuenee
170 2217 240 2280 iilos
274 2238 340 2279 non
367 2218 487 2280 rediille
511 2217 607 2280 refert
632 2221 728 2281 etiam
760 2217 974 2281 Callimachus
1000 2219 1034 2280 in

34 2312 125 2378 Deir.
146 2327 228 2398 294.
283 2319 324 2381 At
345 2340 417 2381 eum
442 2323 498 2380 diu
527 2319 683 2380 serratum
714 2320 803 2380 ilium
831 2339 955 2382 morem
977 2337 1035 2400 per

35 2417 137 2494 popular
157 2422 309 2483 mittendi
337 2420 448 2482 Nolier
474 2422 589 2490 tradat.
627 2421 762 2484 dircedit
784 2419 821 2481 ab
854 2419 1033 2493 Herodoto.

34 2533 100 2592 quem
131 2517 266 2601 [equitur
291 2535 325 2584 et
358 2523 491 2586 Plinius.
558 2522 716 2584 Temerare
746 2535 855 2584 autem
882 2519 1055 2604 quorsum!

35 2618 171 2693 pertineat.
203 2644 242 2684 ex
260 2625 428 2686 Herodoto
444 2641 477 2686 et
494 2623 599 2686 Plinio
618 2623 817 2708 intelligitur.
870 2621 923 2686 Eu
943 2624 1031 2684 enim

34 2711 85 2780 bl
103 2717 214 2784 violare
236 2745 288 2788 ree
312 2723 421 2794 lamae.
452 2727 553 2806 iisque
569 2744 681 2786 manue
697 2725 810 2807 impiae
825 2721 958 2795 inferre.
986 2723 1032 2784 uti

34 2815 142 2894 pinita.
160 2826 341 2888 docuerunt
365 2830 426 2887 viri
448 2827 551 2904 (loeti,
591 2845 670 2906 quoe
693 2825 798 2886 laudat
822 2825 861 2886 ad
885 2825 941 2890 Sil.
961 2824 1031 2886 ital.

37 2934 56 2984 t.
71 2939 114 2982 tt.
135 2923 285 3006 Ruperti.
319 2942 350 2989 et
373 2947 451 3008 quae
473 2927 536 3010 ipse
560 2925 719 2988 adsentati
744 2941 777 3006 3.
801 2936 888 3006 499.
948 2925 1034 2987 Hiua

35 3019 102 3079 cliuo
123 3043 158 3084 ex
177 3027 272 3110 giulio
292 3047 365 3089 aum
386 3027 506 3090 violare
524 3040 756 3098 commutatur.
787 3027 904 3108 dequo
920 3023 1030 3090 Heius.

33 3119 152 3188 adOvid.
167 3131 274 3190 Amor.
298 3151 326 3200 t.
348 3139 381 3206 8.
404 3147 459 3209 ¹9·
484 3129 560 3192 Fau.
581 3149 610 3200 ι,
628 3131 712 3209 650.
728 3143 760 3190 et
775 3129 859 3190 utbi.
903 3125 982 3189 Mox
1000 3139 1033 3188 et

34 3213 75 3280 loe
86 3221 195 3302 ipsum.
223 3231 308 3310 quod
331 3251 386 3312 per
410 3233 548 3312 populna
564 3231 752 3300 mittebant,
786 3227 955 3290 exoleriile
980 3228 1033 3288 ud·

33 3316 236 3392 innuimus
253 3351 280 3394 c.
296 3333 316 3394 l.
341 3335 489 3413 idemque
506 3333 544 3393 da
561 3331 616 3394 luo
634 3346 776 3412 tempore
794 3329 937 3392 adfirmat
952 3327 1031 3390 lam·

33 3413 124 3486 blichua
139 3448 164 3490 c.
177 3431 198 3494 l.
227 3451 343 3494 uzeca.
396 3433 494 3516 Quml
512 3432 723 3514 Apollodorus
743 3431 799 3496 lib.
819 3453 849 3493 ι.
871 3423 920 3516 [a.
939 3437 972 3507 4.
986 3423 1031 3517 i]

16 3513 121 3595 inibit.
141 3534 301 3619 contigilie
322 3554 376 3615 per
393 3535 565 3602 Orionem.
600 3536 685 3595 unde
703 3545 790 3614 patet
805 3550 871 3594 non
887 3531 1031 3602 dicentia.

34 3636 77 3682 uon
90 3631 233 3696 credenda
249 3639 431 3718 antiquitat.
466 3655 491 3698 1.
516 3653 716 3698 onouovtva
733 3633 810 3698 MS.

86 3828 309 3916 Habitant)
358 3837 442 3901 Pliu.
458 3848 493 3914 4.
515 3837 573 3900 26.
591 3833 612 3900 i.
632 3853 687 3900 ια.
711 3833 822 3896 domus
842 3832 882 3894 iis
903 3850 1031 3894 nemora

34 3915 136 4006 itique,
166 3950 197 3996 et
219 3957 257 3998 ex
283 3955 323 3998 eo
347 3939 474 4000 Solinus
494 3958 522 4001 a.
545 3937 567 4000 i.
626 3932 718 4000 lde'm
752 3935 793 4000 de
817 3933 1029 4020 Arymphaeia

35 4015 115 4091 Nost..
135 4055 161 4108 ι,
183 4057 195 4098 t
203 4057 238 4119 9.
255 4054 335 4102 extr.
361 4041 419 4103 ubi
436 4041 502 4102 rid.
520 4051 638 4103 notata.
