2696 4896
250 423 311 488 200
517 403 680 471 riom
710 413 1022 506 'exacerrcan

246 585 399 650 Danubio
416 584 593 655 adimebat.
620 587 746 658 dextra,
770 588 823 650 rel
847 588 885 648 ad
904 588 1061 650 orientem
1079 586 1210 667 Scythia
1225 599 1300 650 erat

246 690 285 753 ad
310 688 480 750 Thraciam
503 707 618 768 unque.
648 701 682 749 et
703 703 772 750 tum
788 689 872 768 Tyra
894 703 960 752 erat
977 685 1149 752 Sarmatiae
1169 691 1209 751 ab
1232 689 1299 752 bac

246 805 335 874 parte
362 791 527 850 terminus.
573 789 645 851 Viri.
664 805 697 860 a.
729 811 756 859 r.
780 805 814 860 7.
848 807 881 853 et
906 811 985 874 quae
1007 795 1047 853 de
1072 792 1225 856 Sarmatia
1250 809 1298 854 ex

246 893 436 955 Ptolemaeo
453 893 546 953 docte
562 905 594 951 et
607 905 698 952 acute
720 889 864 954 disseruit
881 892 1026 956 Gatterer
1047 895 1080 954 iu
1097 893 1294 958 Comment.

246 991 352 1066 societ.
382 993 544 1076 Goetting.
569 994 610 1055 T.
634 1008 687 1056 ra.
719 1006 752 1054 et
783 995 824 1055 de
851 994 953 1058 Melae
984 995 1138 1058 Sarmatia
1160 996 1296 1058 monuit

244 1095 361 1160 lordan
379 1097 412 1155 in
428 1095 544 1179 origin.
560 1093 679 1158 Slavic.
697 1095 738 1156 T.
758 1111 790 1158 a.
808 1116 840 1177 p.
862 1109 943 1175 173.

326 1295 361 1362 V
368 1295 490 1390 istola
498 1297 516 1378 )
552 1299 602 1359 De
617 1295 766 1380 scriptura
783 1299 867 1360 varia
881 1299 1004 1362 dictum
1019 1299 1062 1362 ett
1079 1301 1112 1362 in
1127 1303 1292 1368 nocuit.

244 1418 277 1484 p.
291 1413 360 1477 105
377 1397 418 1481 sq.
451 1397 503 1461 CF.
521 1400 617 1461 etiarn
628 1399 758 1462 Clrrrer.
773 1401 813 1462 de
825 1401 934 1464 Germ.
948 1416 1014 1464 aut.
1030 1415 1063 1478 3,
1078 1413 1139 1481 49.
1154 1417 1292 1484 ΜΠ.

244 1513 278 1564 et
296 1501 479 1564 Praetorius
501 1503 534 1561 in
556 1499 632 1562 orbe
651 1501 792 1562 Gothico
816 1521 844 1570 r.
866 1515 968 1579 ro‚5.
985 1523 1015 1584 p.
1040 1518 1118 1577 ro7.
1157 1505 1294 1567 Verere·

242 1603 421 1666 Eridanum
451 1617 619 1684 putarunt.
650 1604 722 1683 quia
756 1623 851 1665 verua
880 1605 1034 1666 Eridanus
1061 1604 1082 1669 i.
1109 1603 1295 1668 Rhodanua

243 1725 342 1788 prope
367 1705 535 1766 Gedanum
568 1707 601 1764 in
630 1705 778 1766 Vissulanr
803 1704 989 1776 effunditur,
1026 1703 1063 1768 sc.
1092 1705 1295 1770 fladdaune.

244 1807 317 1870 vid.
335 1808 374 1868 ad
395 1823 425 1874 a.
449 1815 484 1885 4.
506 1821 541 1884 4.
595 1805 732 1868 Fontem
756 1825 870 1867 verum
899 1808 1057 1890 ignoravit
1081 1808 1296 1872 Ptolemaeus

245 1923 279 1978 a.
306 1929 360 1972 ιι.
401 1909 494 1992 Quor
523 1908 610 1968 enirn
633 1905 757 1969 secutur
774 1907 819 1992 eii
838 1911 1086 1990 peregrinantem
1113 1907 1148 1972 fl.
1171 1909 1297 1972 Pttcu

242 2007 317 2072 falso
334 2008 457 2072 fontem
474 2020 634 2091 putarunt.
670 2009 743 2072 Vid.
761 2007 905 2072 Gatterer
919 2029 947 2072 c.
962 2011 983 2072 l.

318 2209 573 2293 Parthicae)
624 2210 722 2295 Quod
745 2231 811 2274 nou
836 2214 953 2274 mirum
971 2211 1030 2282 eii.
1065 2232 1140 2274 cum
1161 2225 1194 2273 et
1214 2211 1294 2275 Par·

242 2311 361 2397 ahicam
394 2327 524 2396 gentem
559 2325 593 2374 et
619 2313 822 2374 Sarmaticam
856 2313 975 2376 constet
1008 2312 1096 2376 fuiffe
1123 2315 1292 2377 coloniam

242 2415 443 2492 Scythicam.
469 2414 555 2476 unde
573 2413 651 2476 istud
671 2418 796 2496 utrique
814 2413 916 2476 secum
934 2417 1131 2478 detulerunt.
1158 2435 1181 2478 1.
1202 2435 1291 2478 otto-

245 2535 371 2578 novrva
395 2515 472 2579 MS.
522 2517 619 2577 Ritua
645 2516 808 2577 Parthicae
839 2521 944 2600 gentio
973 2517 1146 2579 delineavit
1172 2517 1288 2580 lustin.

242 2628 304 2696 41,
327 2633 359 2680 a.
381 2631 413 2694 3.
444 2636 582 2699 quorum
605 2619 736 2698 quidem
760 2619 850 2700 pauci
875 2631 999 2678 tantum
1027 2620 1064 2678 ad
1090 2619 1153 2680 hoc
1173 2616 1291 2679 referri

242 2719 381 2800 poliunt.
416 2718 639 2780 Praedicantur
661 2733 767 2778 tamen
788 2721 936 2798 equitare.
958 2709 1131 2810 sagittare,
1159 2722 1287 2782 venari.

244 2818 296 2881 cf.
322 2821 494 2881 Herodian.
517 2821 549 2888 6.
576 2833 609 2896 5.
636 2833 668 2882 et
694 2821 826 2882 Sueton.
855 2822 888 2880 in
913 2821 1013 2904 Caiig.
1037 2840 1105 2902 cap.
1121 2831 1154 2897 5.
1170 2819 1192 2884 i.
1226 2821 1288 2880 ubi

243 2919 359 2982 summi
378 2923 479 2983 luetur
495 2923 649 2982 indicium
668 2934 817 2988 narratur.
839 2919 991 2983 abstinere
1006 2941 1022 2982 a
1040 2923 1178 2982 venandi
1197 2941 1290 2984 exer·

243 3024 406 3084 citatione.
460 3022 594 3084 lustinus
616 3033 679 3101 41.
701 3038 735 3085 Ω.
759 3023 893 3083 omnino
916 3037 1006 3084 notat
1030 3023 1065 3083 in
1091 3023 1215 3084 Parthia
1239 3043 1289 3084 ar·

242 3143 371 3185 morum
394 3126 533 3205 patrium
552 3143 588 3186 ac
602 3124 789 3200 Scythicum
811 3143 952 3198 morem;
988 3123 1135 3186 vestitum
1159 3124 1291 3185 fluitan-

242 3238 321 3294 tem.
341 3227 362 3287 i.
380 3245 407 3286 e.
428 3225 547 3293 laxum.
568 3225 691 3287 Parthie
704 3243 805 3310 aeque
822 3244 857 3285 ac
868 3226 1015 3287 Sarmatia
1032 3225 1143 3285 tribuit
1154 3225 1289 3289 Tacitus

243 3328 277 3390 in
295 3327 402 3389 Germ.
419 3346 485 3408 cop.
510 3343 564 3400 17.
582 3328 625 3389 in.
650 3327 746 3387 laxus
767 3326 923 3386 Sarmatis
941 3324 1054 3388 bracas
1072 3325 1170 3389 ovid.
1189 3327 1287 3392 Trttt.

244 3439 278 3505 5.
297 3444 328 3500 7.
349 3438 409 3506 49.
432 3448 507 3509 «luae
524 3427 635 3489 Graeci
654 3415 849 3513 ἀναξυρίδας
863 3427 1032 3509 adpellant,
1052 3427 1168 3510 quibua
1182 3432 1287 3491 etiam

242 3529 353 3592 Persae
367 3542 400 3590 et
416 3529 524 3592 Celtae
542 3527 586 3589 usi
604 3527 684 3590 sunt.
737 3530 783 3588 Ita
802 3547 879 3590 vero
896 3531 1110 3592 Sarmatarum
1135 3528 1287 3592 vestitum

201 3639 205 3646 “
242 3631 387 3694 strictiori
405 3630 642 3693 Germanorum
660 3629 793 3690 Tacitus
808 3629 955 3712 obponit,
973 3633 1028 3712 qui
1045 3629 1183 3715 {iugulos
1200 3645 1287 3694 artua

243 3734 448 3816 exprimeret.
486 3734 556 3795 Vid.
578 3731 710 3795 Clurcr.
728 3732 762 3790 in
781 3729 889 3794 Germ.
909 3746 974 3794 ant.
998 3754 1026 3803 r,
1047 3733 1102 3796 16.
1122 3753 1153 3816 p.
1177 3747 1260 3811 ¹¹6·

320 3936 332 3996 i
338 3897 480 4015 rrssenii
486 3933 505 4015 )
555 3933 653 4017 Quod
672 3931 748 3996 solet
764 3933 902 3996 multum
926 3932 1047 3996 trahere
1064 3933 1102 3994 ab
1118 3954 1206 4005 aere,
1230 3933 1286 3996 iub

245 4055 311 4120 quo
330 4049 440 4096 natum
458 4048 490 4096 et
505 4035 676 4097 educatum
691 4035 744 4099 eii.
777 4055 802 4095 1.
820 4053 1017 4097 cnonovrve
1033 4035 1110 4099 MS.
1132 4055 1162 4098 r.
1216 4037 1287 4098 Hoc

244 4139 378 4222 quidem
395 4137 568 4202 commode
586 4132 734 4222 expreffit
750 4135 851 4209 Mela,
883 4137 964 4201 dum
988 4141 1156 4224 utrimque
1178 4133 1286 4201 artiffi·
