2748 4888
306 445 347 504 30
494 397 498 416 '
573 425 737 488 tronto
778 425 1086 489 uxaoarrctu

306 624 380 668 cum
397 601 528 667 Pactolo
545 614 661 665 certare
678 603 766 667 dicit.
805 604 901 688 Quod
918 603 1014 668 tesett
1029 603 1191 691 lliischiag
1205 625 1238 688 p.
1254 625 1302 672 m.
1316 607 1368 672 6.

307 707 485 770 Iohannem
509 706 568 769 111.
594 704 749 786 sceptrum
772 708 894 769 eteius
916 727 992 768 auro
1015 706 1199 769 faciendum
1217 708 1275 768 fibi
1298 729 1372 769 cu·

305 807 396 878 telle,
427 804 533 868 nescio
560 827 598 867 an
626 808 662 866 ad
692 807 772 890 Tagi
799 827 911 868 aurum
938 811 1105 890 pertineat.
1145 811 1217 871 vid.
1246 809 1367 893 supra.

305 910 354 972 Ab
378 908 439 969 hoc
461 909 594 972 flumine
610 908 769 970 Lusitania
789 909 970 992 incipiebat.
998 911 1105 991 (Plio.
1118 919 1153 994 4,
1170 923 1229 991 35.
1248 909 1271 973 s.
1289 927 1368 975 aa.

304 1008 446 1088 etalii.)

372 1203 527 1304 flexu)
577 1208 690 1275 Versu·
714 1213 954 1282 mediterranea.

383 1413 613 1496 Celticum)
661 1418 713 1480 Sic
736 1429 768 1478 et
790 1417 921 1494 Plioo„
941 1433 999 1501 34.
1018 1415 1038 1480 s.
1058 1433 1117 1482 ao.
1169 1419 1263 1480 ldem
1289 1420 1363 1482 alio

304 1520 377 1582 loco
399 1521 453 1598 (4,
480 1516 537 1595 36.
565 1516 584 1582 s.
606 1521 684 1598 oo.)
713 1517 948 1580 Arrotrebarum
976 1523 1224 1600 promontorium
1256 1533 1364 1582 vocat

305 1621 344 1684 ab
360 1620 554 1690 monebit,
580 1640 661 1701 quoe
677 1621 709 1679 in
726 1619 821 1700 priori
838 1622 909 1680 loco
923 1635 995 1682 ante
1011 1621 1171 1684 Celticum
1187 1623 1362 1702 ponebat;

305 1721 420 1786 Strabo
444 1719 598 1785 Artobros
618 1735 726 1789 vocat.
755 1723 794 1782 de
813 1741 877 1802 qno
895 1697 991 1784 insta.
1044 1725 1228 1784 Ptolemaeo
1254 1741 1289 1790 a.
1318 1725 1358 1786 6.

304 1825 347 1888 esl
362 1823 477 1912 Ne'prov
495 1819 692 1911 dnpnttjptov
708 1821 746 1884 ab
763 1824 889 1903 populis
906 1825 1019 1884 itidem
1036 1824 1160 1894 Neriie.
1187 1826 1243 1905 qni
1261 1845 1361 1886 acco·

303 1927 412 1990 lebant
434 1928 468 1986 in
485 1925 548 1986 hoc
570 1941 669 1985 tractu
686 1924 791 1984 ultimi
813 1923 870 1986 sec.
888 1925 1018 1989 Melam.
1070 1925 1249 1987 Confirmat
1273 1947 1359 1988 vero

304 2029 439 2090 omnino
464 2025 576 2086 Strabo
594 2039 626 2103 3.
652 2045 684 2106 p.
709 2026 788 2086 106.
812 2023 832 2085 s.
856 2039 935 2104 153.
961 2027 1018 2086 ulti
1041 2024 1162 2095 scribit.
1196 2028 1359 2090 Artabron

304 2131 383 2190 circa
401 2127 536 2188 Nerium
555 2143 659 2206 prom.
681 2123 819 2188 habitare
842 2127 908 2207 poll
924 2127 1074 2198 Celticos,
1104 2129 1192 2190 unde
1210 2129 1248 2190 ab
1268 2129 1359 2189 ocei-

303 2229 401 2290 tlente
416 2227 454 2288 ad
471 2225 728 2307 septemtrionem
746 2241 948 2288 convertatur
968 2229 1125 2310 Hispania.
1164 2231 1255 2292 Idem
1275 2249 1358 2292 con·

303 2332 407 2393 firmat
433 2328 570 2389 Ptolem.
597 2345 628 2396 a.
653 2323 686 2392 6.
722 2329 806 2389 uode
833 2327 1008 2390 refutantur
1038 2333 1070 2392 in
1097 2333 1204 2393 Plinio
1227 2342 1263 2409 4.
1291 2343 1354 2410 55.

303 2430 324 2492 s.
348 2447 406 2492 ot.
443 2431 498 2510 qui
524 2426 697 2492 Artabrum
728 2431 825 2492 etiam
851 2431 1013 2512 Jlsagnum
1040 2445 1074 2494 et
1107 2424 1357 2525 Olfipponense

303 2533 465 2595 dixerunt.

475 2734 505 2814 §.
534 2745 568 2812 8.
624 2731 801 2815 Celtici)
851 2735 920 2798 Sec.
947 2733 1095 2796 Strabon.
1114 2747 1147 2813 3.
1166 2756 1241 2820 pag.
1264 2737 1353 2800 106.

302 2836 326 2900 s.
357 2847 437 2914 153.
468 2833 652 2896 habitarunt
675 2834 754 2896 circa
779 2834 914 2896 Nerium
935 2840 1197 2918 promontorium
1221 2857 1357 2898 eornm·

302 2956 365 3020 que
380 2938 506 3021 cognati
523 2938 559 2995 ad
576 2933 609 2996 ll.
629 2937 740 3008 Anam,
763 2939 817 3019 qui
833 2938 907 2997 inde
922 2935 1032 3021 egressi
1048 2939 1084 2997 ad
1103 2940 1356 3019 expeditionem

204 3083 211 3100 ,
302 3039 451 3101 bellicam
471 3037 524 3096 hic
538 3034 752 3100 consederant.
792 3040 841 3098 Ex
860 3057 923 3118 qno
938 3041 1142 3099 convincitur
1157 3038 1355 3110 llesendina,

212 3198 216 3209 ,
301 3142 358 3224 qui
384 3141 417 3200 in
442 3139 562 3217 antiqu.
593 3138 690 3199 Lusit.
717 3139 773 3200 lib.
796 3159 823 3200 t.
850 3159 880 3218 p.
905 3160 948 3201 m.
974 3152 1026 3215 ¹5·
1055 3140 1196 3201 Celticos
1223 3144 1309 3202 dicit
1337 3161 1355 3202 a

301 3241 459 3305 Lusitania
496 3241 530 3300 in
568 3237 729 3300 Baeticam
759 3238 928 3309 transiisse,
971 3254 1003 3300 et
1037 3242 1132 3302 nrbes
1159 3243 1364 3312 condidisse..

301 3345 388 3428 quod
414 3343 549 3404 doceant
574 3353 703 3423 cognata
738 3341 878 3400 nomina.
932 3342 1030 3403 Ilecte
1061 3344 1192 3423 quidem
1219 3344 1287 3405 hoc
1314 3341 1354 3406 ad

300 3448 430 3508 alteram
446 3444 644 3526 opinionem.
686 3439 771 3502 Plio.
785 3451 819 3517 4,
839 3450 896 3522 34.
914 3439 933 3501 s.
952 3457 1008 3503 ao.
1032 3441 1084 3503 loc
1099 3459 1260 3506 memorat
1277 3447 1356 3509 Cel·

302 3550 384 3610 ticos
414 3543 609 3629 cognomine
639 3539 756 3600 Nerias
777 3553 810 3599 et
832 3533 1084 3629 Praesamarcos.
1131 3549 1172 3606 ot
1203 3545 1352 3612 Ptolem.

230 3707 235 3714 ,
303 3663 338 3720 a,
365 3659 397 3723 5.
424 3647 563 3708 Celticos
585 3659 684 3723 prope
699 3641 823 3722 Tagum
840 3643 934 3720 ponit
952 3642 1003 3702 vol
1025 3641 1118 3715 sallo,
1151 3645 1265 3708 velex
1291 3651 1354 3710 mi·

301 3749 446 3832 gratione
466 3745 534 3827 poll
551 3741 647 3813 sacta;
674 3752 768 3802 recte.
813 3740 917 3822 Quam
934 3761 1011 3802 vero
1028 3746 1105 3804 olim
1123 3746 1187 3805 late
1209 3752 1353 3828 patuerit

302 3846 466 3912 Celtarum
486 3865 583 3928 geos,
618 3859 756 3924 quorum
780 3842 912 3900 nomine
932 3845 1179 3914 continebantur
1201 3850 1351 3933 Hispani,

303 3949 403 4018 Galli,
444 3946 607 4014 Britanni,
645 3942 761 4018 illyrii,
805 3939 970 4012 Germani,
1011 3944 1105 4006 docet
1139 3948 1277 4014 Cluver.
1316 3956 1351 4014 in

302 4050 413 4112 Germ.
435 4058 499 4108 aot.
520 4066 548 4114 ι,
573 4061 607 4108 a.
622 4065 654 4126 p.
677 4061 732 4120 19.
755 4043 952 4122 omninoque
974 4063 1087 4106 omnes
1102 4052 1242 4130 populos
1260 4067 1350 4116 trane

301 4151 397 4236 Alpec
414 4161 448 4212 et
463 4147 579 4210 illrum
594 4137 735 4208 ita'olim
749 4156 898 4214 vocatae,
924 4141 1027 4224 ipsum
1043 4164 1185 4222 nomen,
1209 4155 1261 4215 uti
1281 4159 1349 4238 Hy.
