2696 4896
187 425 407 486 tatrontt’.
437 427 544 484 nnn.
586 427 698 485 nm.
743 425 834 488 ov.
877 432 903 502 i·
926 435 955 498 8·
1032 442 1090 504 172

45 621 179 668 novrre
196 600 272 672 Ma.
296 621 326 664 r.
366 599 485 686 Nigroe
498 599 603 663 statuit
616 595 752 672 Voffiua,
772 601 859 662 uncie
872 613 968 683 patet.
993 601 1093 661 incer·

47 700 194 766 tiffimoa
225 699 313 764 inille
345 701 405 762 hoe
435 701 584 764 hominea
608 700 748 783 respectu
777 698 854 764 ledie
886 716 918 763 et
949 703 1092 784 originis,

47 825 154 888 quum
178 824 236 887 per
258 803 367 866 omnia
386 803 480 865 litora
503 804 622 866 Oceani
639 803 856 865 Meridionalie
877 802 915 864 ab
934 805 1025 865 india
1043 823 1095 865 us·

47 928 114 990 qne
132 907 176 966 ad
200 906 353 966 ultimum
372 906 545 966 terminum
561 903 684 966 Africae
702 905 777 968 tales
797 902 925 966 fuerint.
961 925 985 966 t.
1011 923 1094 967 cno-

47 1027 187 1070 atovtve
205 1007 282 1069 MS.
299 1021 334 1069 2.
392 1007 442 1066 De
465 1008 566 1075 veris.
599 1007 663 1068 live
692 1007 830 1070 Aliaticie
851 1007 992 1088 plerique
1018 1007 1094 1066 acci·

48 1111 152 1192 piunt
177 1128 309 1178 eorum,
335 1107 390 1188 qui
416 1109 478 1167 iam
500 1109 578 1170 oiim
604 1121 709 1169 toturn
729 1121 880 1170 terrarum
902 1109 1014 1169 orbem
1037 1104 1095 1168 cir·

49 1211 322 1293 eumnavigatum
339 1209 463 1270 volunt.
504 1209 632 1292 Quibus
648 1206 736 1271 facile
751 1210 881 1294 largior.
904 1229 970 1270 non
995 1210 1095 1270 modo

53 1312 184 1372 Melam
200 1311 426 1391 Pliniumque‚
455 1308 624 1396 secletiam
646 1308 824 1390 Nepotem.
852 1309 1019 1393 ipsumque
1034 1307 1097 1370 ior·

52 1411 130 1474 taife
148 1411 319 1474 Metellum
337 1429 393 1472 eos
413 1431 472 1493 pro
494 1413 578 1473 reris
598 1411 746 1476 habuisse.
797 1413 860 1476 Sed
879 1425 915 1472 ut
936 1429 974 1472 ex
990 1411 1094 1472 orien-

52 1514 111 1576 tali
134 1515 246 1584 india,
275 1513 340 1574 live
360 1532 416 1594 per
439 1513 683 1595 Aethiopicum,
716 1513 796 1582 stre.
830 1515 914 1596 quod
938 1513 1097 1595 plerisque

55 1617 184 1698 placere
206 1616 321 1684 video,
355 1633 410 1694 per
426 1612 712 1696 septemtrionalem
731 1615 897 1677 Oceanum
914 1614 951 1674 ad
968 1615 1095 1674 Germa·

56 1719 130 1779 niae
147 1717 242 1777 litora
257 1713 412 1798 navigaile
432 1717 566 1788 credam,
590 1717 739 1778 nondum
756 1716 869 1777 adduci
887 1715 1018 1797 polium,
1042 1716 1099 1795 qni

58 1817 155 1880 [ciam
179 1817 275 1880 etiam
296 1817 410 1887 hodie,
440 1829 494 1877 aut
518 1815 722 1902 impunibile,
749 1831 805 1878 aut
823 1815 929 1878 [altem
953 1814 1101 1878 difficilli-

56 1938 155 1982 mum
177 1917 257 1989 elle.
286 1937 343 2000 per
367 1915 624 1999 septemtrionem
644 1921 677 1979 in
702 1919 826 1979 indiam
849 1918 1033 2002 enavigare;
1065 1917 1100 1978 in

58 2019 165 2085 Africa
191 2039 270 2082 vero
296 2020 445 2081 exteriori
470 2041 511 2081 ne
536 2021 633 2082 uniue
659 2021 790 2101 quidem
816 2019 918 2081 litoris
946 2032 1001 2080 aut
1027 2037 1099 2102 pro·

59 2123 243 2192 montorii,
275 2133 331 2181 aut
354 2123 488 2190 montis,
518 2123 638 2182 nedum
660 2121 746 2184 urbis
765 2123 992 2204 provinciaeve
1013 2119 1101 2204 apud

62 2225 258 2285 Strabonem
280 2222 400 2283 alioeve
418 2236 564 2283 veterum
587 2219 786 2286 mentionem
804 2225 888 2294 fieri3
928 2225 1029 2284 immo
1049 2221 1102 2282 atl-

61 2315 131 2387 huc'
154 2323 330 2386 Ptolemaei
353 2335 453 2384 aetate
476 2325 650 2393 creditum,
681 2324 782 2386 iliram
810 2325 888 2385 ultra
911 2344 996 2384 mare
1017 2323 1104 2383 indi·

1 2433 2 2488 l
62 2446 138 2488 cum
160 2423 283 2487 Africae
304 2424 481 2486 cohaerere.
530 2425 699 2488 Cornelius
720 2425 913 2488 Wietflietue
936 2423 1104 2504 (Wytfliet

62 2529 98 2588 in
115 2525 266 2609 descript.
286 2526 498 2587 Ptolemaicee
512 2539 685 2612 augmento
701 2549 732 2610 p.
749 2545 827 2606 ²9¹·
846 2526 866 2590 i.
883 2529 915 2587 in
933 2528 1008 2602 lin.)
1030 2545 1104 2586 con·

63 2629 182 2692 llanter
207 2627 344 2696 tenebat,
395 2627 493 2688 ludos
520 2627 614 2690 hoece
643 2647 709 2689 non
735 2648 774 2690 ex
800 2629 920 2688 ultimis
947 2627 1100 2697 Orientit,

64 2744 119 2792 eut
136 2730 322 2792 Occidentis
338 2727 488 2810 partibus.
510 2727 560 2790 led
577 2749 615 2790 ex
633 2729 842 2800 Laboratoria,
868 2729 1103 2804 Ellotilantliao‚

65 2846 120 2893 eut
143 2831 259 2892 vicinis
281 2833 370 2891 terrie
387 2827 521 2900 venssle,
548 2850 582 2890 ea
606 2831 735 2912 quidem
753 2832 882 2901 fiducia.
909 2843 945 2890 ut
966 2831 1104 2892 confide·

66 2946 134 3003 ret,
162 2931 269 2993 secum
289 2929 465 3000 sensurum,
499 2932 693 3012 quicumque
714 2933 847 2996 climatit
869 2933 1043 3001 rationem,
1069 2948 1104 2996 rt

66 3053 148 3116 quae
165 3035 206 3094 de
221 3033 283 3094 illie
299 3034 389 3094 terrie
405 3045 581 3102 narrantur.
611 3025 812 3114 expenderit.¹
861 3033 924 3097 Sed
942 3033 972 3095 ei
992 3032 1107 3096 obiicit

66 3137 238 3202 Pontanue
269 3133 301 3194 in
327 3132 421 3196 deser.
454 3132 660 3216 chorograplt.
693 3135 813 3196 Dauiae
839 3155 871 3219 p.
896 3135 979 3212 764.
1004 3146 1106 3196 totam

67 3239 158 3298 illam
183 3234 341 3296 borealem
363 3235 487 3319 plagam
511 3235 588 3294 oiim
613 3234 674 3296 late
705 3237 844 3317 perviam
868 3235 1038 3304 creditam,
1074 3249 1108 3298 et

67 3339 126 3401 itae
152 3353 364 3416 teneraeque
386 3357 420 3396 ac
443 3335 594 3417 reliquam
611 3335 804 3406 Amerinam.
835 3335 995 3397 veteribus
1015 3336 1108 3417 plane

68 3440 250 3522 incognitae
271 3433 370 3498 luille.
424 3437 542 3496 Verum
566 3437 620 3498 etlr
643 3450 742 3500 terrae
764 3451 817 3498 aut
840 3437 943 3516 nullae
965 3437 1030 3496 illic
1048 3437 1109 3501 elle

71 3543 297 3609 crederentur,
325 3551 379 3598 aut
400 3539 529 3621 ignotae
549 3537 663 3608 eilent,
691 3553 879 3600 nontamen
903 3557 942 3599 eo
964 3536 1108 3610 eflicitur,

72 3642 182 3703 nullos
203 3641 277 3701 inde
299 3641 415 3700 incolae
431 3639 469 3698 ad
492 3639 583 3700 litora
598 3640 784 3702 Germaniae
806 3639 1037 3722 tempellatibue
1059 3641 1112 3702 ab·

73 3745 136 3824 ripi
158 3739 303 3824 potuille.
366 3741 476 3802 Potine
497 3740 574 3800 illud
601 3741 790 3810 obiecerim,
822 3759 889 3802 nnn
914 3742 1017 3803 villeri
1039 3753 1111 3803 tum

73 3865 126 3907 eae
142 3844 290 3926 regiones
304 3839 465 3900 habitatae.
500 3859 613 3902 nostre
627 3843 666 3904 arl
681 3837 893 3925 fragmentum
913 3857 945 3914 7.
963 3841 1111 3925 Nepotis.

76 3947 159 4009 Alias
175 3944 373 4004 coniecturae
394 3943 433 4002 de
456 3940 506 4002 hie
522 3943 610 4016 iuriis
633 3944 783 4024 proponit
798 3943 972 4005 Pelloutier
988 3963 1015 4007 c.
1032 3945 1053 4008 l.
1081 3957 1112 4006 at

73 4047 207 4109 tandem
226 4045 260 4104 in
277 4061 317 4103 eo
338 4043 467 4112 delinit,
494 4044 582 4123 quod
603 4044 711 4104 omnia
731 4063 810 4105 vana
824 4063 999 4126 parumque
1016 4042 1113 4130 frugi·

74 4147 141 4212 iera
171 4144 249 4216 elle,
281 4162 361 4226 quae
389 4144 452 4205 dici
483 4161 516 4205 et
546 4145 717 4231 excogitari
741 4139 877 4230 politur,
912 4149 1111 4228 pronuntiat.
