2748 4888
305 457 348 526 u
576 447 740 510 norae
779 409 1086 508 execution

306 623 348 687 de
365 619 404 686 B.
421 621 464 701 G.
481 635 514 704 5,
537 632 598 710 94.
626 627 682 707 qui
704 625 750 686 ibi
771 622 912 707 reposuit
933 625 1104 708 pluralem,
1138 641 1256 707 quent
1280 637 1367 700 anter

305 726 446 789 editores
461 727 495 787 in
513 723 703 810 irregularem
724 741 946 798 mutaverant.
973 741 1004 789 et
1027 727 1085 788 alia
1101 727 1201 811 plura
1220 719 1367 814 exempss

303 823 484 912 proposuit.
541 826 677 890 Ultimis
698 849 714 891 a
732 830 859 912 Kappio
873 830 907 890 in
932 829 1037 890 indice
1055 828 1087 892 h.
1104 847 1136 892 r.
1158 829 1367 910 explicaturi

307 928 478 1011 dequibus
494 928 591 992 modo
606 931 766 1001 dixeram,
790 950 908 1014 nempe
923 931 1089 1004 humanis;
1113 950 1178 992 nec
1199 933 1241 991 in
1259 915 1367 991 meres

307 1031 357 1092 nis
374 1029 565 1092 mutandum
583 1030 644 1096 esse
662 1045 787 1095 monet.
821 1033 920 1095 Aliter
941 1035 1074 1114 quidem
1093 1029 1207 1095 sensus
1226 1033 1367 1094 minime

307 1128 427 1195 subesse
453 1132 593 1194 videtur.
645 1133 718 1196 etio
739 1133 841 1196 modo
864 1135 943 1195 dicit
966 1133 1050 1195 Mela
1069 1149 1100 1203 Ω,
1126 1156 1154 1202 ι,
1184 1151 1226 1214 9.
1252 1135 1367 1200 ultime

305 1233 440 1314 pietatis
465 1225 598 1328 officia.
631 1234 772 1298 Eumen.
798 1235 833 1296 iu
853 1255 967 1321 paneg.
983 1237 1022 1296 ad
1045 1235 1260 1298 consentin.
1286 1235 1366 1316 Aug.

315 1354 369 1406 ro,
389 1351 423 1398 Ω.
443 1335 568 1396 ultimis
587 1333 779 1398 cruciatibus
799 1338 927 1416 punire,
968 1349 1001 1397 et
1022 1335 1063 1399 sac
1086 1338 1126 1398 de
1149 1338 1233 1399 aliis
1256 1335 1363 1406 rebus,

307 1455 440 1519 quarum
456 1435 528 1498 sunt
549 1437 665 1523 gradus
681 1452 714 1499 et
737 1438 821 1519 quast
844 1439 982 1501 numeri.
1035 1439 1079 1500 At
1096 1437 1216 1500 caedes
1236 1439 1275 1498 in
1301 1433 1366 1495 uui·

306 1537 435 1603 versum
457 1539 590 1610 dicitur,
622 1552 658 1602 et
681 1551 773 1602 autea
798 1539 921 1600 dictum
947 1537 990 1600 eil
1012 1557 1029 1600 a
1053 1539 1150 1602 Mela.
1210 1537 1363 1600 Formnlt

306 1637 465 1702 altaribus
497 1638 665 1702 admovere
690 1637 842 1705 solemnia
872 1641 916 1704 eil
939 1641 974 1700 in
995 1638 1054 1701 hac
1077 1660 1111 1702 re
1133 1641 1175 1702 de
1200 1639 1362 1702 victimis.

306 1741 461 1824 Exempla
476 1743 618 1828 conlegit
633 1741 847 1829 Cannegieter
862 1742 901 1804 ad
915 1743 1034 1804 Ariani
1050 1738 1111 1805 sab.
1128 1743 1186 1822 56,
1212 1758 1276 1812 ιε.
1313 1735 1359 1802 ΟΕ

306 1845 403 1907 etiam
419 1841 585 1908 Drakenb.
601 1845 641 1908 ad
658 1845 732 1908 Lir.
747 1854 807 1928 45,
825 1858 885 1919 27,
902 1862 938 1924 9.
961 1859 994 1904 et
1011 1861 1091 1925 quoe
1105 1845 1277 1906 nominat.
1314 1841 1362 1904 Sic

306 1945 417 2008 lustin.
441 1959 494 2024 13,
510 1947 544 2010 6.
561 1958 594 2006 et
609 1944 699 2009 Oros.
717 1953 751 2027 4,
768 1947 801 2010 6.
815 1947 861 2008 in.
883 1947 924 2008 de
941 1944 1088 2006 humanis
1109 1947 1262 2007 victimis
1277 1939 1359 2024 apud

307 2044 592 2131 Carthaginienses,
618 2045 780 2110 Ammiau.
800 2058 858 2131 24,
877 2048 910 2114 6.
925 2043 948 2108 s.
972 2047 1012 2110 de
1028 2049 1076 2119 iir,
1102 2064 1181 2129 quat
1197 2067 1244 2109 ex
1260 2043 1358 2129 captis

306 2145 448 2211 boslibue
469 2159 631 2229 paraverat
653 2147 807 2214 lulianus.

384 2345 578 2412 delibant
587 2347 607 2431 )
655 2348 776 2422 Morsu,
804 2352 889 2433 quod
908 2350 1043 2415 abolitae
1058 2348 1189 2414 feritatis
1205 2351 1255 2414 esi
1276 2347 1353 2411 indi·

306 2451 405 2532 cium.
432 2469 619 2515 vitumnus.
656 2453 862 2524 Tondebaut,
883 2467 937 2515 aut
952 2451 1133 2515 auferebant
1148 2454 1269 2516 velles.
1296 2465 1351 2508 rm

305 2569 436 2615 noctua
459 2553 505 2614 nd
523 2553 600 2617 edit.
623 2555 729 2634 1696.
767 2555 945 2636 Tamquam
962 2554 1024 2616 fine
1039 2556 1180 2616 humano
1199 2553 1350 2638 sanguiue

306 2671 375 2714 non
407 2652 531 2736 pollent
559 2655 731 2720 satisfacere
762 2655 906 2739 publicae
938 2654 1163 2736 superstitioni.
1204 2671 1245 2715 ut
1278 2652 1351 2712 inde

308 2753 462 2817 Claudius
478 2772 545 2817 non
560 2759 704 2838 potuerit
720 2771 843 2828 vetare,
870 2770 906 2817 ut
921 2756 1038 2837 aliquid
1056 2755 1215 2840 sanguinis
1239 2775 1280 2816 ex
1301 2769 1350 2812 eo·

307 2875 379 2918 rum
402 2856 588 2939 corporibus
610 2857 783 2929 ducerent,
816 2877 897 2939 quoe
921 2871 1014 2918 vocat
1038 2857 1186 2927 deuotus,
1223 2877 1266 2918 ex
1289 2855 1348 2913 ritu

307 2976 355 3039 pr.
373 2957 513 3028 Gallico,
540 2961 593 3040 qui
620 2959 737 3021 idcirco
759 2958 918 3021 debebant
943 2959 1065 3031 occidi3
1104 2979 1191 3020 nunc
1222 2967 1348 3018 tantum

308 3056 451 3120 secantur
475 3059 595 3140 aliquae
620 3079 729 3122 venae.
765 3081 788 3122 1.
808 3077 1007 3122 cuuuovtvs
1023 3057 1099 3121 MS.
1152 3060 1289 3120 Rectius
1312 3051 1346 3114 ad

308 3161 566 3221 vulnerationem
586 3175 619 3223 et
638 3159 840 3224 consecutam
863 3162 938 3223 inde
967 3159 1127 3245 sauguinis
1148 3159 1346 3223 effufionem.

307 3275 346 3321 ut
367 3274 475 3323 tamen
496 3260 609 3324 umbra
626 3263 677 3324 vel
700 3261 817 3346 species
834 3263 935 3344 aliqua
960 3263 1157 3325 mactationis
1180 3261 1343 3324 exuberet

307 3359 459 3433 refertur,
485 3363 572 3443 quod
595 3377 628 3426 et
648 3363 734 3426 Mela
749 3364 892 3426 declarat.
946 3362 1086 3424 Verbum
1099 3366 1186 3423 enim
1207 3358 1345 3422 delibare

283 3464 345 3525 ›vi
368 3463 604 3549 fignificationie
625 3465 770 3548 propriae
791 3465 941 3547 pullulat.
965 3476 1003 3524 ut
1022 3461 1075 3534 lit,
1102 3463 1215 3526 leviter
1239 3473 1340 3524 cutem

307 3567 427 3645 aperire
453 3577 486 3625 et
511 3563 694 3650 sanguinem
718 3565 841 3638 elicere.
896 3565 949 3626 Sic
973 3567 1007 3625 in
1032 3565 1194 3626 Americae
1217 3559 1343 3644 quibus·

172 3689 179 3700 ·
307 3665 381 3726 dam
407 3667 594 3750 regionibus
620 3665 761 3729 delibant
786 3664 942 3738 inientes,
975 3683 1056 3749 quoe
1083 3681 1175 3728 antea
1201 3659 1340 3726 immole-

306 3779 436 3838 verant,
462 3779 496 3829 et
515 3763 615 3854 agnos
636 3765 839 3834 substituunt.

375 3959 655 4058 facundiam)
694 3967 828 4030 Videtur
843 3967 992 4031 adludere
1009 3966 1047 4029 ad
1064 3968 1235 4032 Herculem
1251 3946 1338 4030 Grae·

306 4087 397 4138 cum,
420 4069 509 4130 cuius
526 4071 699 4154 imaginem
718 4068 865 4131 describit
880 4069 1038 4131 Lucienus
1053 4071 1087 4131 iu
1105 4071 1242 4156 Dialogo
1258 4067 1336 4131 istius

306 4171 462 4233 nominis.
500 4189 524 4233 1.
548 4188 748 4232 cuonovtve
770 4171 847 4233 MS.
