2748 4888
176 377 536 437 innotuerunt.
576 379 683 435 Lm.
727 377 808 434 ur.
849 375 929 446 to.
1035 388 1077 454 ῃ

111 553 148 616 U
150 552 188 636 ty
188 543 221 643 s
212 543 245 642 s
243 554 256 613 i
262 573 345 632 ppo
355 551 372 632 )
407 554 457 616 De
474 551 640 635 scripturae
664 553 815 616 varietate
834 551 922 624 satie.
949 555 1077 637 opinor.

40 659 157 720 dictum
178 655 222 715 eii
246 657 282 714 in
303 669 372 716 not.
389 659 458 716 crit.
480 677 511 736 p.
530 667 578 734 24
593 653 636 735 sq.
688 654 817 717 Nomen
835 655 922 718 urbia
937 669 970 717 et
985 657 1080 740 origi·

41 779 109 820 nem
132 758 231 816 multi
248 770 399 817 veterum
415 758 454 818 ab
470 757 573 836 Ulyise
593 770 760 839 repetunt.
792 777 885 838 quam
910 759 1080 820 meliorem

41 873 156 942 partem
174 857 310 918 Nonius
325 859 482 940 praedicat
501 861 533 918 in
551 855 638 940 Hiip.
657 879 723 940 cap.
743 873 800 937 35.
838 860 943 928 idem.
967 875 1002 920 ut
1016 861 1081 932 alii.

42 961 202 1023 Strabonis
227 949 421 1023 Ὀδύσσειαν
442 961 496 1022 lib.
522 973 554 1039 3.
578 981 610 1041 p.
635 977 713 1040 ¹⁰9·
737 959 859 1036 [157.
888 959 952 1022 huc
974 959 1081 1032 refert.

43 1083 116 1143 quae
132 1061 189 1122 etii
212 1063 252 1120 ad
278 1061 414 1138 Ulyil'em
438 1063 712 1130 accommodatur.
743 1062 852 1144 procul
875 1075 981 1123 tamen
1004 1063 1082 1126 hinc

46 1167 77 1224 in
92 1165 257 1224 montania
277 1162 420 1223 Baeticae
434 1183 533 1245 prope
551 1163 703 1224 Malacam
723 1177 755 1224 et
775 1162 930 1248 Abderam
946 1162 1085 1239 iacebam

49 1265 127 1326 solue
150 1284 230 1324 vero
255 1261 371 1326 Strabo
393 1279 634 1328 commemorat.
686 1263 769 1324 Nam
794 1264 947 1346 Stephani
969 1261 1086 1330 Ὀδυσ-

51 1363 111 1439 σεῖς
139 1361 237 1438 πόλις
268 1361 408 1452 'lilppiar
433 1369 470 1427 ad
497 1365 630 1428 nostram
657 1367 766 1447 potiue
791 1367 948 1449 pertinere
971 1365 1086 1450 potest.

51 1463 157 1546 Utyttis
177 1481 292 1528 autem
318 1471 349 1526 in
375 1466 556 1550 Hispaniam
579 1466 758 1538 descensus,
799 1489 896 1550 quem
920 1483 1087 1551 tantopere

51 1567 174 1650 probare
199 1571 318 1628 nititur
335 1569 446 1632 Strabo
463 1583 493 1648 3.
513 1591 581 1653 pag.
604 1567 722 1648 103.i.
745 1578 823 1652 ¹49·
848 1571 958 1630 talium
981 1591 1087 1632 rerum

50 1671 184 1732 studiosis
220 1690 259 1730 ex
287 1672 430 1732 nominie
456 1671 660 1732 similitudine
683 1667 774 1732 facile
803 1671 944 1732 adridere
968 1673 1087 1753 potuit.

53 1771 185 1834 Certiori
209 1773 275 1833 lide
295 1792 312 1831 a
329 1771 435 1834 Plinio
449 1786 484 1850 tp.
501 1785 558 1852 55.
580 1771 599 1834 s.
625 1789 682 1836 22.
705 1773 856 1840 traditur,
885 1773 1090 1851 municipium

53 1875 87 1934 li.
102 1876 228 1933 civium
245 1871 337 1934 suiise
357 1888 387 1934 et
404 1875 552 1936 Felicitas
568 1873 655 1934 Iulia
677 1875 953 1958 cognominatum.
996 1875 1090 1936 idem

53 1976 150 2056 paullo
166 1989 245 2036 ante
262 1975 405 2036 nobilem
429 1973 517 2037 iuiise
538 1977 615 2036 dicit
643 1997 790 2056 equarum
805 1975 980 2036 aFaoouio
994 1987 1091 2036 vurto

54 2091 221 2154 conceptu,
258 2091 292 2136 et
314 2097 389 2138 vere
416 2075 445 2138 se
470 2080 501 2137 id
525 2077 684 2140 credidisse
701 2089 734 2155 8.
758 2077 817 2154 67.
843 2075 863 2138 s.
888 2087 949 2156 42.
973 2078 1092 2138 indicat

53 2177 148 2239 verbo
172 2175 320 2269 constat.
353 2179 409 2238 ubi
434 2179 520 2240 idem
548 2183 674 2262 repetit.
712 2175 763 2242 Cs.
783 2160 820 2239 ad
842 2193 873 2247 o.
892 2181 925 2248 6.
944 2193 976 2242 o.
1026 2177 1091 2242 Sed

53 2279 132 2361 quod
150 2281 252 2340 Varro
271 2281 310 2339 de
328 2280 365 2340 ii.
383 2281 421 2341 ii.
441 2297 473 2350 2.
491 2303 518 2350 t.
539 2299 593 2360 ¹9·
614 2280 676 2342 hoc
692 2300 792 2362 prope
809 2275 1042 2362 Olisstpponem
1057 2281 1093 2340 irt

53 2394 161 2442 oronte
189 2379 299 2460 Tagro
324 2383 453 2444 evenire
481 2381 601 2452 scribit.
638 2381 900 2465 disceptationem
927 2383 960 2442 ici
987 2381 1094 2443 morit

56 2482 307 2566 Geogrepbicam
331 2499 364 2543 et
389 2485 628 2545 emendationee
655 2485 823 2545 doctorum
851 2483 995 2546 virorum
1023 2501 1095 2566 pro-

55 2569 272 2652 tulit'variae.
307 2605 381 2664 qnae
407 2586 561 2646 recensuit
589 2585 633 2645 ibi
659 2585 883 2648 Schneiderue.
942 2583 984 2646 At
1009 2583 1097 2665 quod

57 2686 127 2745 addi
151 2684 274 2766 potest.
309 2699 393 2746 recte
420 2703 589 2767 praeeunte
616 2684 774 2748 Prosendio
800 2699 905 2747 tuetur
931 2687 1095 2770 vulgatam

56 2786 231 2846 lectionem
250 2802 283 2848 et
300 2786 497 2850 columellae
517 2789 623 2848 locum
640 2785 776 2850 salsitatis
790 2789 955 2848 convincit
970 2786 1098 2848 Noniut

58 2889 91 2948 in
111 2885 205 2970 Hisp.
227 2907 255 2948 c.
273 2899 332 2966 55.
384 2890 425 2950 H.
448 2889 490 2950 eti
513 2891 641 2958 Siutra.
669 2890 754 2949 unde
778 2889 885 2950 Lunae
911 2901 1097 2972 promonto-

56 2991 141 3049 rium
159 2991 194 3049 iu
216 3009 303 3051 mare
325 2993 514 3074 prorumpit.
569 2993 609 3051 Et
624 2991 664 3052 iic
683 2989 747 3051 sere
765 2991 929 3052 Salmasius
944 2991 982 3050 ad
996 2991 1098 3052 Solia.

57 3111 89 3173 p.
106 3110 151 3152 m.
179 3091 261 3170 196.
290 3093 331 3153 de
362 3095 575 3174 promontorii
612 3093 718 3176 magni
751 3090 835 3163 sinu.
869 3109 964 3172 quem
989 3089 1101 3152 Noster

60 3203 171 3262 vocat,
200 3193 374 3254 Varronem
395 3194 600 3278 intelligebat.
653 3196 693 3255 dt
714 3193 822 3254 minuo
842 3192 881 3253 ab
903 3211 1009 3254 errore
1023 3191 1102 3254 libe·

61 3295 119 3354 rari
143 3292 230 3374 polio
254 3295 381 3356 videtur
398 3295 519 3358 Pliniut
537 3309 570 3374 4.
593 3307 651 3374 35.
669 3293 688 3358 s.
707 3311 765 3358 ιιι.
790 3295 945 3375 quidquid
970 3305 1103 3356 conatur

63 3394 104 3456 eii
126 3395 325 3458 Harduinut.
385 3395 467 3457 Nam
491 3397 750 3479 promontorium
771 3395 824 3458 ille
848 3413 1015 3476 magnum.
1050 3393 1103 3457 rel

67 3487 315 3588 Oltffipponense
337 3497 375 3558 ab
399 3499 467 3560 aliie
485 3495 654 3560 Artabrum
678 3498 783 3558 vocari
803 3497 915 3566 tradit.
948 3509 981 3559 et
998 3508 1103 3568 terme,

65 3601 176 3668 maria.
204 3600 330 3660 coelum
353 3599 583 3671 disterminare.
610 3619 710 3681 eoque
726 3599 811 3660 finiri
832 3599 911 3661 latua
926 3596 1104 3680 Hispaniae.

67 3719 144 3780 quae
165 3701 297 3782 quidem
315 3701 352 3762 ad
369 3699 539 3764 Artabrum
559 3701 579 3763 s.
598 3701 749 3764 Celticum
770 3700 1028 3781 promontorium
1051 3697 1105 3762 rel

68 3801 197 3862 Nerium
214 3804 323 3882 pntiue
336 3817 367 3864 et
388 3800 482 3866 unice
503 3805 674 3886 pertinent.
711 3799 761 3864 Cs.
782 3797 860 3862 inira
877 3801 916 3862 ad
933 3803 962 3880 §.
977 3819 1012 3880 9.
1056 3801 1105 3862 An

69 3923 143 3964 vero
163 3899 332 3986 Ulyffippo
349 3905 385 3964 itt
399 3905 550 3966 hodierna
570 3904 643 3966 urbe
659 3899 787 3973 Litboa.
816 3903 856 3962 de
875 3921 914 3964 eo
937 3902 1106 3964 dubitatio·

69 4025 123 4065 net
136 4025 249 4090 graves
264 4020 296 4065 et
313 4005 403 4068 iusim
420 4009 568 4068 excitarit
586 4005 734 4066 Manncrt
750 4005 782 4064 in
796 4003 995 4088 Geograpltie
1011 4023 1043 4085 p.
1059 4023 1106 4070 ru.

72 4118 152 4186 325.
189 4107 301 4172 Hodie
317 4109 404 4172 enirn
421 4107 474 4172 sita
490 4107 534 4174 est
548 4107 639 4194 supra
648 4107 775 4194 Tagum
790 4107 824 4170 iu
840 4105 898 4170 hac
914 4103 1020 4170 Noliri
1035 4125 1108 4190 pro·
