2746 4894
277 423 341 492 502
549 411 711 474 norun
750 417 1053 480 exnorrrore

278 589 406 658 Lucan.
428 607 485 660 ιο,
509 597 590 664 ago.
620 582 792 682 Cambyses
820 591 907 674 longi
937 595 1073 675 populos
1102 599 1242 680 peremit
1270 601 1313 662 od

145 749 152 761 ,
278 692 369 763 aevi,
396 689 486 776 quod
503 688 623 774 spectat
643 689 865 755 narrationem
885 695 1047 760 Herodoti
1066 713 1101 776 3,
1123 719 1179 763 ao.
1214 699 1310 765 Perti·

278 794 390 858 culum
414 811 511 876 quam
533 791 613 856 [olet
640 793 729 856 Mela
741 809 822 856 *ante
844 795 1084 880 comparativoe
1105 819 1247 884 ponere,
1273 819 1311 864 ut

285 915 317 967 t,
342 918 373 968 ι,
397 909 429 972 3.
451 893 636 978 aliquanto,
670 915 766 979 quam
787 893 844 959 obt
864 893 1053 991 latiffunae
1088 945 1098 974 .
1129 902 1257 984 longior.
1282 921 1311 967 et

278 998 393 1084 paullo
411 993 482 1080 post
503 991 549 1058 ib.
572 987 742 1090 rursusque
761 999 873 1070 etiam.
903 1021 1000 1084 quam
1012 899 1108 1094 At.
1134 1007 1237 1066 artius
1250 1008 1311 1068 exit

278 1101 314 1163 t'n
328 1089 488 1192 spatium.
530 1119 560 1170 r.
579 1110 613 1176 5,
630 1109 665 1177 4.
682 1090 767 1190 soie.
788 1121 886 1183 quum
907 1103 997 1174 uiris.
1027 1105 1143 1170 melior.
1185 1107 1264 1182 1,6,
1284 1127 1309 1169 r.

271 1192 400 1296 spatio.
414 1219 510 1285 quom
521 1199 741 1272 Mauretania,
758 1200 920 1296 angustior
933 1202 988 1296 est,
1004 1240 1060 1254 --
1081 1203 1118 1266 in
1135 1227 1202 1291 quo
1221 1205 1311 1269 etiam

277 1300 417 1367 Livium
433 1297 594 1376 imitatur,
616 1296 712 1368 cuiue
731 1299 905 1389 proprium
919 1305 981 1370 effe
995 1321 1029 1369 et
1045 1307 1191 1370 solemne
1207 1327 1310 1372 omnes

277 1419 421 1470 norun&

356 1610 388 1674 A
395 1607 552 1672 utomoi
559 1627 603 1672 oe
608 1605 628 1693 )
677 1605 778 1696 Quod
795 1629 837 1672 ex
856 1629 951 1675 more
972 1605 1041 1696 ipse
1060 1609 1202 1698 explicat
1220 1613 1311 1676 Mela.

278 1709 429 1780 Omnino
446 1711 537 1782 sunt.
564 1707 624 1797 qui
639 1710 753 1796 sponte
774 1709 932 1786 veniunt,
954 1733 1024 1776 non
1039 1714 1158 1778 coacti.
1193 1713 1260 1778 Vid.
1274 1716 1311 1776 ad

278 1810 484 1896 Hesychium
506 1813 539 1876 h.
563 1834 595 1877 v.
655 1810 712 1888 sie
743 1808 953 1904 αὐτομόλους
984 1812 1250 1902 στρατεύσασθαι
1279 1813 1312 1878 in

279 1915 376 1981 inser.
395 1915 483 2002 apud
505 1915 659 1978 Pococke
680 1937 713 2000 p.
732 1925 790 1993 38.
834 1913 1006 2000 Oppianus
1021 1916 1167 1983 Halievt.
1183 1935 1216 1996 3,
1236 1921 1309 1999 36⁰.

278 2015 423 2104 obponit
446 2009 589 2102 κλητοὺς
614 2031 647 2079 et
669 2011 890 2106 αὐτομόλους.
941 2020 980 2079 In
1004 2019 1090 2080 bello
1124 2021 1200 2083 [unt
1223 2037 1312 2082 tratre·

278 2119 393 2205 fugae,
420 2116 470 2180 uti
488 2117 583 2203 saepe
599 2115 762 2191 occurrit,
792 2114 895 2179 veluti
920 2119 1008 2202 apud
1023 2120 1247 2188 Plutarchum.
1268 2155 1313 2167 -

278 2221 346 2287 Hic
366 2217 425 2308 qui
447 2219 503 2282 iua
524 2219 640 2305 sponte
660 2216 862 2290 adveniunt,
897 2234 931 2281 et
954 2213 1152 2299 αὐτοκελέες
1172 2239 1207 2285 et
1225 2215 1313 2286 οὐτύ·

279 2319 397 2414 uincor
419 2337 592 2392 vocantur.
640 2318 713 2385 vid.
736 2317 922 2405 Weffeling.
945 2323 987 2386 ad
1009 2323 1171 2388 Herodot.
1190 2339 1224 2404 9,
1246 2321 1310 2401 5.i.

280 2425 367 2490 Sunt
391 2421 495 2510 igitur
520 2418 692 2511 ἐπήλυδες.
729 2419 850 2508 quibua
885 2423 1100 2506 obponuntur
1123 2423 1263 2512 ἐγγενεῖς
1283 2446 1311 2487 τ.

276 2522 395 2616 χώρας
409 2541 442 2589 et
457 2521 681 2610 αὐτόχθονες.
707 2521 811 2586 veluti
830 2525 917 2608 apud
928 2521 1068 2588 Diodor.
1089 2540 1124 2604 3,
1144 2545 1179 2602 a,
1194 2523 1239 2590 in.
1261 2521 1311 2610 qui

278 2632 374 2693 locut
389 2625 425 2688 in
437 2624 556 2711 primia
572 2627 639 2689 huc
653 2622 813 2710 pertinet,
839 2621 918 2710 quia
931 2622 979 2688 ibi
996 2623 1114 2700 tradit,
1139 2625 1311 2712 Aethiopas

278 2725 457 2813 septimos
480 2723 658 2790 hominum
680 2741 895 2812 auctoresque
917 2725 1156 2813 Aegyptiorum
1180 2727 1309 2800 iactate,

278 2827 461 2914 multisque
477 2826 677 2914 argumentis
696 2827 838 2890 adstruit.
871 2827 921 2892 ef.
935 2827 1231 2915 etiaruStephanus
1245 2831 1267 2894 i.
1282 2851 1310 2892 v.

278 2929 419 3019 Αἰθίοψ.
472 2930 597 2996 Contra
618 2929 655 2994 id
673 2927 729 2993 irbi
745 2926 896 3013 Aegyptii
916 2926 1108 3006 vindicant.
1136 2951 1311 3017 magnaque

162 3051 167 3074 ¹
278 3031 345 3097 iuit
359 3033 455 3117 iuper
477 3053 514 3096 ea
536 3053 572 3095 re
587 3030 704 3118 populi
725 3028 897 3115 utriunque
919 3029 1090 3096 ambitiosa
1111 3031 1309 3119 disceptatio.

167 3168 170 3177 ·
277 3133 352 3200 vid.
368 3131 471 3199 Diod.
484 3131 550 3198 sic.
571 3158 602 3208 r,
623 3156 678 3199 ιο.
700 3148 733 3196 et
750 3129 799 3194 ibi
814 3130 1018 3217 Weffeling,
1036 3131 1145 3220 quiet
1165 3139 1208 3199 iic
1222 3134 1310 3197 Athe·

277 3233 407 3302 nieuies
431 3251 465 3298 et
490 3236 591 3299 lndoe
616 3231 752 3297 statuiffe
774 3233 815 3297 de
837 3233 868 3297 ie
891 3236 1020 3318 probat.
1067 3237 1118 3298 Ex
1141 3231 1309 3319 Aedriopia

277 3341 464 3424 Aegyptum
483 3337 544 3400 effe
565 3335 821 3423 frequentatam,
848 3351 943 3420 putat
957 3333 1058 3399 etiarn
1072 3333 1180 3402 Ritter
1196 3339 1236 3400 ad
1250 3339 1309 3400 Gu-

277 3438 366 3505 thtie
380 3473 433 3488 ·-
446 3459 475 3503 c.
492 3441 513 3504 1.
535 3461 568 3524 p.
581 3449 663 3521 245.
698 3437 749 3501 cf.
769 3437 810 3498 de
825 3433 955 3516 Scythia
971 3453 1004 3500 et
1016 3436 1187 3524 Aegyptiis
1205 3435 1307 3503 lustin.

279 3559 315 3617 ο,
338 3563 367 3605 ι.
407 3541 532 3627 Quodsr
553 3539 595 3602 ad
618 3540 716 3602 Mons
740 3535 964 3601 narrationem
986 3537 1130 3626 quaestio
1157 3538 1308 3626 exigetur.

278 3641 322 3708 ad
331 3639 510 3727 Aegyptios
518 3639 651 3705 videtur
666 3636 827 3704 inclinare
842 3636 992 3704 victoria.
1019 3641 1121 3728 Quod
1136 3662 1214 3704 vero
1227 3641 1308 3704 Mela

276 3742 380 3808 tradit
399 3741 653 3828 demigratione
670 3763 711 3806 ex
723 3743 891 3827 Aegypto,
923 3739 1050 3826 optime
1071 3739 1257 3806 inlustratur
1272 3759 1308 3802 ex

187 3825 190 3842 ⁸
279 3847 441 3908 Strabone
461 3861 514 3923 17.
531 3843 578 3908 in.
604 3843 664 3908 ubi
680 3859 800 3914 tranat.
824 3841 1038 3904 Eratosthene
1053 3859 1198 3916 auctore,
1221 3843 1307 3926 supra

277 3947 416 4008 Meroen
438 3944 535 4010 aliam
556 3943 649 4010 fuiffe
669 3943 810 4006 insulem
825 3939 1038 4006 habitatama
1060 3943 1236 4030 transfugio
1254 3945 1306 4006 λο-

277 4045 485 4131 gyptiorum,
521 4047 579 4135 qui
604 4044 885 4112 aPiammeticho
912 4042 1120 4108 desciverint.
1185 4047 1305 4110 Nomen

277 4145 343 4210 iuit
357 4145 530 4236 Σεβρὶτοι,
543 4165 582 4213 ut
594 4145 715 4221 oditur,
729 4145 752 4211 i.
768 4167 796 4211 e.
811 4140 984 4235 ἐπήλυδος.
1000 4143 1107 4233 Igitur
1120 4149 1175 4214 vel
1188 4167 1228 4214 ex
1237 4149 1306 4211 Era·
