2746 4894
258 351 322 434 360
528 355 688 418 norat
730 353 1029 416 axaoartcte

264 532 381 606 fidem
401 530 481 594 item
498 551 580 614 quae
595 528 747 616 congeil'tt
758 531 883 594 Petitur
896 531 931 594 in
945 529 1112 596 miscellan.
1133 527 1326 594 ehierratt.

264 635 324 700 lib.
345 657 376 698 ι.
399 653 466 718 cap.
485 651 518 700 a.
572 633 761 697 Narrarerat
783 649 892 697 autem
917 635 988 704 ille.
1021 637 1070 696 uti
1093 651 1134 697 ex
1164 631 1330 696 Diodoro

267 749 302 816 5.
317 751 377 818 42.
399 738 527 800 conlato
545 735 685 800 Eusebio
700 737 740 798 de
757 755 896 819 praepar.
914 737 1037 821 Evang.
1058 754 1092 808 a,
1110 752 1146 799 n.
1172 733 1329 803 discitur.

266 839 456 904 Panchaiam
479 837 614 900 inlulam
636 837 697 900 elle
719 839 841 900 Oceani
862 836 1065 900 exadversum
1080 838 1232 904 Arabiae
1250 855 1330 899 con·

269 939 398 1012 liuenti,
423 941 519 1002 latam
542 957 614 1004 aou
634 940 817 1008 stadiorum.
843 942 921 1002 turia
935 939 1148 1022 myrrhaeque
1166 931 1329 1002 leruciffi·

267 1063 372 1112 maur,
405 1045 495 1106 unde
521 1043 556 1104 in
582 1041 749 1104 ulteriorea
774 1058 869 1105 terraa
892 1062 949 1124 per
975 1057 1169 1106 mercatores
1197 1039 1330 1105 Arabae

270 1143 493 1227 deportentur.
531 1143 672 1216 Metalla,
698 1145 778 1208 adeo
793 1146 871 1214 auri.
888 1158 921 1206 et
936 1145 1145 1208 conflaturam
1165 1145 1206 1206 iu
1226 1161 1266 1206 ea
1279 1143 1332 1203 inv

271 1257 404 1308 ventam
426 1245 498 1316 elie.
523 1247 653 1330 quidam
670 1247 747 1308 olim
770 1247 965 1308 tradiderunt
981 1247 1056 1309 telle
1075 1246 1190 1308 Plinio
1210 1259 1246 1320 7.
1264 1255 1326 1320 57.

274 1345 373 1426 [56.
405 1347 509 1412 Prtve
529 1349 627 1432 igitur
643 1350 683 1412 de
700 1348 819 1414 Arabia
840 1349 992 1418 omnino.
1016 1361 1071 1410 aut
1085 1347 1213 1412 Arabia
1233 1343 1329 1408 felice

274 1447 465 1514 Panchaiam
480 1451 728 1534 interpretantur
739 1451 869 1516 Serrina
884 1464 916 1512 et
933 1447 1147 1534 Philargyriue
1165 1448 1212 1510 ad
1234 1448 1326 1530 virg.

275 1550 393 1637 Georg.
409 1567 442 1624 tt,
466 1565 547 1634 139.
593 1551 691 1616 Causa
707 1554 820 1616 erroria
834 1552 910 1614 haec
923 1551 976 1625 eil.
997 1553 1082 1634 quorl
1097 1565 1130 1615 et
1145 1552 1186 1614 iu
1203 1547 1330 1614 Arabia

275 1650 359 1716 felici
380 1667 431 1716 tua
450 1653 605 1726 traicitur,
636 1675 711 1718 cunt
733 1671 838 1716 tamen
855 1655 951 1718 etiam
974 1656 1006 1716 id
1024 1653 1104 1716 ferre
1120 1650 1330 1716 Panchaiam

274 1757 449 1819 narraverit
472 1756 685 1820 Euhemerua.
736 1753 787 1820 Cf.
803 1755 932 1820 Salmas.
957 1756 995 1817 acl
1011 1757 1112 1820 Solio.
1129 1769 1194 1836 35.
1218 1751 1242 1816 l.
1264 1751 1328 1830 36.

275 1855 333 1918 ubi
348 1859 446 1922 etiam
460 1857 604 1921 Plinium
619 1856 683 1920 falli
700 1857 809 1926 docet.
838 1861 892 1940 qni
908 1857 1098 1922 Panchaiam
1115 1876 1222 1940 prope
1239 1855 1325 1917 Solia

278 1957 392 2020 urbem
427 1958 585 2043 poluerit,
619 1981 736 2044 nempe
762 1960 965 2042 Heliopolin.
1003 1959 1139 2024 Arabiae
1167 1954 1327 2020 turiferae

276 2059 408 2130 urbem,
439 2079 498 2143 pro
517 2062 677 2148 Aegyptia
700 2063 872 2144 accipient.
903 2081 997 2143 quarn
1019 2074 1126 2125 tamen
1155 2057 1325 2122 diversam

276 2157 369 2224 soille
390 2165 568 2228 contendit.
620 2165 665 2230 At
680 2161 775 2224 molti
796 2177 895 2226 totam
911 2164 1086 2226 Euhemeri
1100 2164 1326 2226 narrationem

277 2263 318 2326 ad
342 2260 463 2328 fabular
484 2263 692 2352 ablegandam
713 2264 857 2334 censent.
890 2265 992 2326 relati
1012 2265 1208 2348 Apollodor.
1235 2259 1324 2345 apud

279 2365 427 2430 Strabou.
444 2383 480 2442 7:
501 2388 534 2450 p.
552 2383 635 2442 207.
653 2367 675 2432 i.
691 2383 775 2448 299.
801 2367 960 2429 Plutarch.
983 2367 1023 2430 de
1046 2368 1124 2428 liitle
1144 2383 1178 2428 et
1193 2363 1324 2428 Ofirida

279 2487 311 2549 p.
328 2475 415 2548 420.
432 2467 504 2550 Lpt
533 2469 588 2530 ubi
608 2471 711 2552 aliqua
733 2485 877 2552 corrupta
896 2467 982 2537 lunt,
1013 2489 1093 2550 quae
1115 2489 1155 2530 ex
1175 2465 1322 2530 Eusebio

279 2567 430 2629 emendat
449 2567 575 2634 Petitur
595 2591 622 2632 c.
642 2571 664 2634 l.
687 2591 756 2654 pag.
780 2582 835 2650 ¹4·
868 2569 984 2650 Polyb.
1007 2571 1091 2654 apud
1117 2571 1272 2634 strabon.
1289 2582 1322 2632 a.
1366 2545 1371 2572 ‘

277 2687 350 2752 pag.
369 2684 428 2743 71.
444 2667 465 2732 l.
488 2681 567 2751 ¹⁰4·
618 2671 736 2735 Contra
760 2693 799 2735 ex
825 2672 1055 2736 recentiorihua
1077 2671 1174 2736 fidem
1197 2673 1250 2733 illi
1271 2669 1323 2732 ad·

137 2797 140 2802 ¹
278 2769 394 2832 ssruere
413 2772 550 2833 tentavit
565 2773 603 2834 ad
622 2774 761 2836 nollrunr
784 2775 889 2836 locum
907 2769 1040 2846 Voffiua,
1065 2775 1321 2837 Zimmermaun.

277 2872 313 2932 in
328 2870 443 2934 Museo
460 2873 622 2936 Bremensr
638 2877 710 2939 Vol.
734 2896 764 2941 r.
778 2875 814 2940 P.
830 2889 866 2960 4.
882 2896 914 2958 p.
930 2892 1015 2949 722.
1037 2889 1071 2937 et
1085 2877 1274 2938 Fourmont
1288 2873 1321 2933 in

277 2971 455 3038 Mernoirea
472 3009 524 3024 -·
547 2977 587 3038 de
609 2978 696 3042 Paria
712 2978 809 3041 Tom.
827 2991 881 3055 15.
901 2999 935 3062 p.
951 2988 1023 3058 285
1042 2975 1083 3058 lq.
1135 2975 1182 3042 At
1204 2973 1320 3040 delita

277 3077 415 3138 minime
429 3079 583 3140 convenit
597 3081 680 3142 inter
698 3080 920 3142 Euhemerum
936 3093 969 3142 et
988 3079 1118 3146 Melam.
1154 3077 1213 3142 Ille
1228 3077 1319 3142 enim

278 3176 413 3239 insulam
434 3177 507 3240 lacit
526 3179 645 3242 Oceani
667 3181 822 3253 australia,
855 3179 990 3246 Arabiae
1017 3179 1102 3244 felici
1128 3179 1317 3264 obpofitam.

279 3277 395 3341 Noller
417 3283 449 3340 in
476 3282 712 3366 Troglodytice.
745 3283 798 3345 vel
822 3283 1016 3366 Aethiopiae
1039 3296 1137 3368 parte,
1165 3284 1205 3344 ad
1228 3298 1317 3346 orant

277 3378 427 3442 linillram
446 3380 527 3445 finue
546 3383 644 3447 Arabi
663 3388 767 3467 ponit.
820 3385 857 3446 ln
877 3403 917 3448 eo
939 3383 1097 3448 consentit
1117 3385 1316 3450 Euhemerua

279 3499 353 3544 cum
370 3482 503 3572 Nostro,
530 3487 613 3566 quod
633 3485 827 3570 Παγχαΐτιν
847 3480 964 3572 χώραν
986 3487 1095 3550 multia
1110 3485 1217 3549 belliia
1238 3484 1317 3548 iero·

279 3583 371 3645 cibor
387 3585 539 3665 repletam
563 3584 650 3648 soille
668 3587 800 3669 scripsit,
833 3587 908 3649 telle
925 3589 1070 3652 Diodoro
1088 3601 1121 3665 5.
1138 3597 1199 3672 45.
1228 3582 1314 3669 quod

277 3683 383 3751 nescio
416 3707 509 3766 qnam
544 3702 628 3749 recte
656 3689 693 3748 ad
723 3691 944 3752 continentem
977 3690 1058 3752 hanc
1089 3690 1194 3752 Melae
1220 3685 1314 3750 refert

279 3781 416 3850 Velitne.
460 3788 681 3871 Fourntontp.
695 3801 777 3868 288.
795 3809 860 3852 noo
878 3791 974 3874 longe
991 3806 1139 3853 removet
1153 3790 1192 3852 ab
1209 3789 1312 3854 Helio·

278 3890 356 3970 poli.
380 3909 476 3972 quam
494 3891 657 3952 Salmasius
673 3913 700 3962 c,
716 3892 737 3954 l.
762 3893 832 3954 vult
846 3891 906 3953 elle
924 3893 1059 3956 Arabiae
1075 3891 1175 3954 felicio
1193 3891 1311 3958 urbem,

279 4001 311 4054 et
326 3989 410 4052 iinua
425 3987 553 4054 Arabici
574 3990 705 4054 infulatu
727 3991 842 4064 censet,
872 3994 910 4055 ad
935 3995 1011 4055 litua
1027 3993 1186 4067 Medium,
1219 3992 1310 4055 bodie

277 4089 372 4156 Ponit
389 4088 410 4160 i.
430 4093 567 4162 Phario.
619 4095 709 4162 Tum
727 4115 805 4160 vero
823 4107 856 4159 et
873 4095 912 4158 ab
930 4095 1116 4164 Euhemero
1132 4108 1170 4158 et
1190 4114 1209 4162 a
1233 4091 1311 4156 Mela
