2748 4888
275 447 319 518 04
547 437 710 499 nom
750 437 1054 496 nxaonrrotn

279 626 315 698 4,
335 625 394 696 35.
416 625 449 676 et
463 609 573 676 isidor.
586 611 711 698 origin.
729 631 783 693 ¹9·
802 623 860 696 24.
877 611 929 674 hic
943 609 1205 676 direneGalttcia.
1232 611 1325 676 Con·

280 719 387 782 tendit
408 729 517 778 tamen
531 713 661 780 Cluver.
681 717 714 777 in
733 716 842 779 Germ.
857 728 922 778 ant.
944 735 972 786 1,
992 713 1048 777 26.
1063 733 1134 799 pag.
1155 735 1237 779 tro.
1264 717 1321 786 ita,

280 835 408 883 utnon
431 815 533 879 solnm
557 815 667 888 Gallia,
702 814 753 879 sed
777 815 928 880 omnibus
946 815 1045 878 Celtis
1066 817 1196 898 aliisque
1219 817 1323 877 etiam

281 919 413 988 vetustis
426 918 554 1002 popuiia
570 919 706 990 tribuat,
731 919 887 980 Gallicum
904 936 980 979 vero
997 935 1117 980 nomen
1130 920 1226 980 etiam
1243 936 1321 978 cnm

282 1022 404 1086 liidoro
426 1018 559 1082 eenieat.
618 1020 726 1083 Gallos
747 1021 810 1082 ittir
829 1017 901 1082 uioe
923 1016 1030 1088 fuiffe.
1065 1019 1159 1082 docet
1177 1019 1322 1080 Torren-

280 1126 345 1188 tiue
367 1122 405 1185 ad
431 1122 565 1184 Sueton.
587 1119 675 1184 Caes.
699 1140 765 1204 cap.
781 1129 841 1200 48.
875 1119 991 1202 quibua
1008 1117 1211 1184 casaubonus
1230 1121 1322 1181 addit

282 1223 450 1309 Hispanos.
497 1223 583 1285 Mela
604 1243 633 1294 r,
657 1233 691 1300 8,
711 1235 743 1302 3.
769 1221 965 1305 primoribue
991 1219 1243 1302 Cyrenaicorum
1267 1222 1321 1281 tri·

281 1326 373 1397 buit.
402 1324 547 1408 quamvie
568 1323 630 1387 hoc
651 1344 691 1386 ex
710 1323 1008 1386 accommodatione
1025 1322 1115 1386 verbi
1137 1321 1259 1385 iactum
1273 1323 1322 1383 vi·

284 1429 390 1492 detur.
426 1427 565 1489 Brevem
581 1425 706 1507 ntique,
719 1437 767 1486 tut
782 1413 953 1486 militarem
969 1437 1002 1487 et
1016 1427 1183 1488 victoriam
1199 1423 1322 1486 vestem

282 1527 392 1601 tuitio,
428 1542 461 1590 et
491 1547 531 1590 ex
561 1521 758 1589 craffioribne
785 1527 870 1590 viliis
893 1539 926 1588 et
957 1526 1095 1609 pellibus
1124 1537 1322 1596 contextam.

281 1630 382 1716 qualia
397 1629 493 1692 hodie
508 1627 551 1692 est
565 1629 802 1712 Hnngarornm‚
824 1643 856 1690 et
873 1627 1009 1689 velitum
1026 1629 1180 1708 equitum.
1201 1627 1323 1689 docent

280 1748 429 1796 veterum
446 1732 486 1792 de
496 1729 730 1793 Germanorum
748 1729 862 1792 vestitu
877 1729 956 1800 loca.
980 1742 1015 1790 et
1030 1728 1179 1813 probavit
1193 1725 1321 1810 copiose

282 1835 455 1898 Cluverius
471 1851 498 1895 c.
516 1832 537 1894 l.
590 1831 697 1916 Quam
711 1849 790 1894 vero
807 1829 870 1916 [agi
890 1827 1024 1892 formam
1048 1829 1218 1913 erpreisam
1242 1844 1323 1890 tunc

282 1935 490 2006 demerebat,
522 1933 680 2015 reperitur
698 1934 732 1994 in
747 1930 958 1994 Montfancon
975 1928 1129 2013 antiquite'
1151 1931 1321 2015 expliane

282 2037 324 2099 T.
344 2013 378 2115 3:
397 2035 435 2098 P.
455 2055 483 2098 t.
507 2035 571 2095 tab.
589 2046 650 2111 47.
692 2031 744 2098 Cf.
762 2035 851 2117 plura
870 2036 902 2094 in
922 2033 1134 2115 Explicatione
1151 2033 1191 2095 de
1211 2033 1322 2096 dicere

281 2155 477 2201 monument
510 2135 672 2219 finguliere
699 2167 745 2182 -·
786 2134 873 2196 Paria
902 2148 1007 2214 1759.
1032 2147 1068 2214 4.
1102 2155 1134 2218 p.
1160 2147 1233 2216 294
1257 2133 1320 2215 sqq.

282 2238 379 2322 Quod
402 2255 480 2297 vero
496 2235 647 2319 longum.
670 2236 813 2318 undique
827 2234 964 2299 clausum
981 2248 1014 2297 et
1034 2239 1225 2298 manicatum
1241 2237 1322 2298 dici·

281 2353 352 2408 tur.
387 2336 621 2399 dubitationem
642 2338 745 2420 eliqua
760 2357 800 2399 ex
820 2351 906 2419 parte
925 2350 1071 2408 moveat,
1101 2358 1161 2400 nec
1175 2338 1214 2398 iic
1231 2355 1322 2398 com·

281 2440 379 2502 mode
396 2439 527 2520 quidam
543 2439 791 2521 interpretentur
803 2437 998 2508 Fiicmdnrel,
1022 2459 1094 2500 cum
1112 2435 1217 2524 sagum
1233 2438 1321 2520 apud

281 2542 448 2604 Romanor
471 2553 564 2624 togae
585 2539 783 2622 obponatnr.
812 2559 915 2622 eoque
937 2539 1032 2601 cincti
1049 2537 1167 2602 inerint
1187 2539 1319 2602 militen.

282 2638 334 2706 cf.
349 2641 451 2704 Tacit.
474 2659 541 2724 cap.
564 2657 618 2718 17.
635 2643 681 2704 in.
709 2655 742 2704 et
762 2661 843 2723 quae
861 2641 973 2703 notari
994 2641 1033 2703 ad
1053 2663 1082 2712 t.
1097 2653 1131 2719 8.
1149 2655 1181 2722 3.
1224 2639 1321 2704 Cete-

280 2761 353 2806 rum
370 2741 484 2805 Strabo
498 2751 533 2822 4.
554 2763 586 2826 p.
607 2753 688 2822 135.
703 2739 726 2806 f.
746 2745 828 2823 196.
848 2741 926 2804 dicit
942 2739 1152 2832 σαγηφορεῖν.

434 2947 465 3024 ς.
492 2959 527 3008 2.
561 2940 715 3028 libris)
757 2942 851 3038 Bast.
890 2944 971 3007 inde
999 2961 1078 3008 vero
1103 2943 1205 3008 vester
1238 2944 1322 3006 olim

279 3043 439 3112 confectae
459 3043 562 3114 fuiffe.
588 3059 690 3107 narrat
711 3047 806 3109 etiam
827 3048 964 3108 omnino
977 3045 1062 3108 l’lin.
1084 3060 1139 3108 ια.
1158 3047 1203 3108 in.
1242 3045 1323 3108 Pro·

278 3149 441 3212 ducuntur
460 3149 558 3210 etiam
581 3149 692 3228 populi
714 3147 777 3210 hoc
799 3146 912 3209 vestitu
932 3145 993 3217 nii,
1020 3160 1055 3208 ut
1072 3148 1146 3208 indi
1160 3145 1199 3207 ab
1216 3147 1322 3208 Hero·

281 3250 360 3312 doto
377 3264 410 3325 7.
435 3251 494 3326 ⁶5.
525 3244 668 3337 (εἵματα
697 3243 765 3312 ἀπὸ
787 3235 900 3319 ξύλων
927 3246 1141 3337 πεποιημένα,
1169 3250 1321 3330 quemvis

278 3349 343 3412 hoc
367 3370 407 3412 ex
427 3350 534 3413 Plinio
557 3367 610 3428 19.
633 3371 661 3410 ι.
686 3349 726 3410 de
749 3345 884 3434 goffipio
906 3347 1015 3412 [lino
1038 3362 1123 3411 recte
1143 3349 1244 3432 potest
1265 3370 1321 3411 ex·

278 3451 405 3534 plicari)
430 3451 542 3513 Solino
564 3470 630 3531 cap.
647 3463 706 3529 55.
728 3448 748 3512 i.
766 3463 826 3528 52.
855 3449 932 3530 (ubi
956 3469 1029 3512 cnm
1056 3449 1144 3512 lineis
1154 3444 1323 3539 flexibiles

277 3550 351 3613 titre·
372 3554 633 3638 coniunguntur)
668 3543 871 3642 Moffagetoe
887 3571 905 3614 a
922 3550 1078 3614 Strabone
1098 3571 1151 3614 rt.
1179 3572 1210 3634 p.
1231 3565 1321 3632 353.

278 3650 303 3715 i.
320 3665 405 3732 515.
432 3654 488 3714 ubi
509 3651 583 3715 funt
606 3648 737 3744 δένδρων
761 3648 885 3737 φλοιοὶ.
929 3651 980 3718 cf.
1005 3652 1137 3718 Cluver.
1153 3655 1189 3715 in
1206 3653 1319 3717 Germ

279 3765 345 3818 ant.
364 3773 396 3826 t.
418 3756 474 3819 16.
497 3777 531 3840 p.
553 3769 632 3832 ¹¹3·

332 3945 483 4046 *soevo
514 3954 668 4038 hieme)
717 3958 761 4022 Ut
790 3955 937 4022 Frontin.
964 3973 998 4031 n,
1024 3965 1057 4036 5.
1085 3971 1145 4038 23.
1176 3969 1209 4020 et
1234 3948 1319 4048 fera

280 4053 380 4119 ovid.
396 4057 489 4122 Trio.
510 4077 538 4129 t.
559 4067 663 4139 ulan.
694 4062 778 4122 acris
792 4061 903 4123 Horat.
924 4078 954 4123 1.
979 4059 1033 4124 od.
1050 4069 1083 4142 4.
1106 4078 1136 4123 1.
1173 4059 1319 4119 Saevitia

276 4147 388 4228 Iddmt‘s
421 4161 524 4226 Tacit.
548 4159 618 4265 hist.
647 4180 677 4234 1.
707 4176 765 4242 79.
806 4161 921 4244 Frigus
946 4174 1053 4228 eutem
1078 4162 1114 4224 in
1146 4158 1318 4224 Germania
