2748 4888
213 495 216 504 .
300 433 343 501 ,α
572 419 748 507 novun·
774 420 1078 482 cxcoarrcuc

301 591 355 659 cf.
370 594 471 655 etiam
488 591 528 656 de
544 590 606 655 hoc
626 608 738 657 monte
756 593 885 658 Gmelin
904 596 1062 684 Beytrllge
1083 617 1139 660 zur
1155 594 1283 664 Gelch.
1302 595 1363 664 dee

300 692 474 758 deutschen
492 695 673 780 Bergbauee
695 715 768 782 pag.
786 709 831 777 33
851 695 892 780 lq.
945 699 1066 763 Contra
1083 698 1209 764 Volliue
1224 702 1272 763 ad
1293 701 1360 764 lul.

298 796 390 864 Cael.
407 795 439 866 G.
462 811 517 872 17.
541 818 606 859 non
632 799 725 860 anxie
753 799 980 880 inquirendum
1007 797 1112 864 censet
1132 821 1209 863 curn
1240 803 1360 884 Lipfio

300 900 339 962 etl
354 899 457 960 Tacit.
474 917 501 960 c.
519 897 540 960 1.
563 899 633 980 quit
648 895 744 960 luerit
757 917 851 962 moue
866 901 929 964 ille.
957 901 1027 984 lple
1041 902 1123 964 nihil
1138 903 1226 964 aliud
1245 903 1358 966 exilii·

290 979 376 1070 mal,
398 1019 492 1082 quam
506 999 656 1082 Duynen,
680 1000 721 1062 lic
736 1015 772 1061 ut
788 1022 827 1062 ex
844 1002 1034 1083 adpellativo
1050 1006 1218 1086 proprium
1235 1003 1357 1066 lecerit

299 1103 448 1172 Tanton,
476 1101 527 1162 vel
548 1121 588 1163 ne
609 1103 719 1164 minue
738 1104 886 1165 adcurate
900 1105 1066 1166 admiratur
1083 1107 1216 1169 Tacitus
1236 1105 1355 1170 dixille

300 1205 464 1270 videatur.
494 1202 599 1286 postea
621 1204 692 1263 volt
713 1204 840 1267 altioree
857 1205 894 1266 iit
909 1204 987 1268 locis
1002 1208 1098 1269 collea
1114 1227 1170 1290 per
1184 1209 1356 1270 excellen-

271 1307 378 1368 ¹tiam
402 1323 522 1365 nomeu
546 1303 684 1365 habuisse
708 1303 842 1387 duynern
901 1307 954 1370 sic
978 1309 1066 1370 enim
1090 1309 1226 1370 deloco
1255 1312 1352 1372 edito

299 1425 413 1470 vocem
435 1406 610 1487 explicant,
639 1419 675 1466 ut
692 1406 847 1468 Celticam
871 1407 1003 1480 ditrutam,
1030 1410 1071 1472 de
1085 1429 1144 1492 qua
1162 1407 1256 1491 [upra
1280 1409 1353 1472 dixi

298 1510 337 1572 ed
349 1521 387 1588 5.
406 1523 439 1576 n.
455 1517 491 1586 4.
543 1508 580 1568 ln
599 1507 653 1568 illo
674 1522 787 1570 monte
804 1509 894 1570 Drufi
911 1511 1086 1580 castellum,
1112 1511 1350 1590 eGermanico

195 1607 197 1615 ⁴
298 1626 495 1692 reparatum,
528 1605 617 1670 luiffe
639 1607 735 1671 refert
754 1611 855 1672 Tacit.
877 1614 962 1673 Ann.
983 1631 1012 1682 t,
1031 1613 1091 1690 56.
1132 1609 1183 1674 Cl'.
1204 1631 1265 1683 to,
1286 1626 1350 1691 28.

296 1713 324 1778 Δ
341 1713 478 1773 Traiano
501 1709 577 1770 illud
595 1709 702 1772 rurlue
721 1710 899 1773 restitutum
915 1726 948 1774 et
968 1733 985 1773 a
1006 1713 1130 1775 iuliano
1146 1728 1349 1794 reparatum.

296 1829 387 1897 putat
403 1813 573 1876 Cluverius
591 1825 622 1890 3,
638 1831 671 1889 7.
689 1833 722 1895 p.
739 1825 824 1897 533.
850 1816 937 1896 quod
953 1827 1060 1878 tamen
1076 1817 1249 1900 impugnet
1265 1817 1349 1900 Spe·

296 1936 365 1980 ner.
383 1927 416 1998 4,
435 1930 467 1984 2,
485 1925 519 1992 8.
538 1933 570 1996 p.
594 1927 674 1990 171.

371 2115 554 2178 Raetico
562 2113 580 2196 )
618 2115 646 2176 Ε
662 2119 793 2200 regione
809 2115 941 2180 Bonnae
958 2117 1064 2182 llatuit
1079 2117 1208 2184 Cluver.
1226 2131 1265 2199 5,
1278 2129 1345 2199 48.

297 2239 330 2302 p.
347 2233 389 2292 71
403 2239 432 2280 ι.
459 2229 495 2277 ut
513 2237 599 2276 nunc
616 2217 651 2276 lit
666 2216 915 2300 Sieberrgebr‘irge,
938 2234 972 2281 et
988 2235 1020 2299 3,
1038 2234 1072 2298 3.
1088 2242 1118 2301 p.
1132 2221 1214 2300 536.
1232 2239 1344 2282 errare

296 2339 352 2384 eos
367 2321 478 2388 «locet,
506 2320 559 2398 qui
575 2317 612 2378 ad
630 2320 766 2380 confinia
783 2321 1007 2382 Helvetiorum
1028 2336 1232 2393 removeant,
1262 2341 1345 2384 cum

296 2441 363 2486 nou
388 2419 556 2482 verisimile
582 2419 634 2488 lit,
667 2419 721 2481 etfi
743 2421 781 2481 ad
804 2421 898 2504 Alpes
920 2443 1017 2504 utque
1042 2423 1227 2484 Germaniae
1255 2425 1344 2486 fines

294 2523 480 2606 protulerit,
521 2519 651 2582 voluille
679 2541 754 2582 euru
778 2523 906 2606 Alpium
933 2541 1053 2603 partem
1077 2527 1222 2592 intimam
1248 2526 1343 2587 inter

295 2619 460 2688 ultilltmoa
484 2621 671 2683 Germaniae
694 2636 819 2685 montet
839 2645 1021 2695 numerare,
1053 2645 1125 2686 cum
1147 2623 1341 2707 praesertim

294 2726 347 2789 alii
370 2743 481 2787 oroneo
501 2723 605 2784 ltaliae
623 2724 714 2804 Alpes
736 2726 885 2788 tribuant.
938 2727 1053 2806 Utique
1071 2727 1164 2809 Alpes
1183 2727 1341 2788 Raeticae

295 2828 393 2888 nimie
416 2827 490 2886 binc
511 2825 639 2894 dillant,
671 2845 710 2885 ex
729 2827 846 2907 quibua
870 2829 1013 2888 transitus
1032 2841 1096 2888 erat
1118 2849 1156 2888 ex
1183 2829 1273 2888 ltalia
1298 2829 1341 2890 in

296 2928 505 2991 Vindeliciam
523 2942 555 2988 et
569 2925 734 2997 Noricum,
759 2933 805 2987 uti
822 2929 915 2988 etiarn
932 2941 1017 3010 patet
1033 2907 1194 2990 exl'acito
1210 2929 1340 2992 Histor.

301 3051 330 3100 t,
349 3049 408 3108 70.
451 3030 496 3088 An
513 3039 618 3088 tamen
638 3041 724 3088 recte
744 3029 782 3089 lic
797 3029 965 3092 Cluverius
981 3049 1057 3090 eum
1075 3029 1231 3112 poluerit,
1259 3031 1341 3112 quie

294 3131 358 3193 line
374 3129 497 3191 certiori
514 3142 568 3189 ant
586 3130 728 3211 propiori
753 3131 870 3192 indicio
893 3131 1089 3192 contendat?
1141 3129 1281 3192 luncker
1296 3132 1341 3193 in

296 3230 496 3315 Geographie
518 3231 672 3290 mittlerer
693 3231 802 3293 Zeiten
824 3252 856 3313 p.
877 3243 955 3309 ¹40·
975 3231 1014 3293 tle
1032 3233 1136 3294 altiori
1156 3247 1255 3293 tractu
1280 3251 1342 3295 co·

293 3336 423 3396 mitetur
438 3331 639 3412 Weilphalici
654 3329 803 3412 Rletberg
822 3332 971 3417 intelligit
987 3333 1029 3394 ob
1050 3335 1136 3396 vocit
1151 3333 1340 3396 similitudi·

294 3457 380 3498 nent.
422 3433 542 3496 Contra
565 3451 641 3494 vero
664 3448 774 3494 monet
795 3435 915 3516 Spener
936 3437 969 3509 in
990 3449 1057 3498 not.
1079 3435 1187 3497 Germ.
1210 3449 1280 3500 ont.
1299 3453 1337 3508 c,

296 3552 328 3616 5,
349 3556 381 3619 3.
404 3555 434 3615 p.
452 3547 510 3612 87.
532 3532 561 3596 le
582 3535 615 3595 in
638 3533 686 3592 illa
703 3546 782 3596 terra
799 3555 954 3616 nmquam
972 3537 1217 3620 tamegregium
1235 3555 1337 3598 mon·

293 3641 375 3700 tium
394 3637 505 3719 iugum
525 3634 779 3717 deprehenrlille‚
806 3637 890 3716 quod
908 3638 1062 3699 Romania
1078 3637 1116 3698 lto
1131 3637 1335 3703 innotescere

293 3739 446 3822 potuerit.
497 3735 645 3796 Mannert
669 3735 702 3794 in
727 3736 930 3821 Geographie
953 3739 993 3799 T.
1014 3751 1047 3817 3.
1069 3759 1140 3822 pag.
1160 3751 1245 3816 518.
1273 3741 1334 3803 etti

293 3839 376 3901 nihil
398 3837 475 3898 certi
500 3835 590 3898 llatui
621 3835 705 3917 polle
731 3837 902 3908 existimat.
938 3840 1018 3901 ultra
1041 3839 1192 3901 Ilhenum
1217 3853 1333 3923 tamen

292 3939 508 4022 quaerendum
525 3935 700 4021 suspicatur.
737 3939 824 4002 Alica
837 3953 995 4022 praeterea
1010 3939 1097 4001 inille
1113 3943 1146 4001 in
1156 3941 1334 4006 Germania

293 4053 422 4106 montes
438 4040 592 4102 Romania
606 4039 689 4100 hauri
703 4041 897 4125 incognitos,
918 4041 1030 4104 Noller
1044 4043 1193 4124 deinceps
1210 4042 1333 4109 diserte

292 4143 424 4213 innuit,¹
459 4159 600 4226 quorum
634 4143 785 4216 nomina,
827 4155 989 4227 tamquam
1017 4144 1057 4207 ab
1088 4162 1144 4208 ore
1175 4144 1334 4212 nomano
