2696 4896
157 390 239 464 'ru
266 402 403 464 aona.
432 405 543 463 nat.
583 406 695 464 ant.
739 407 845 472 eva.
883 407 962 482 es.
1035 419 1092 483 aar

42 571 98 640 Cf.
123 576 209 660 post
249 579 292 641 At
307 579 346 641 ab
364 579 428 642 hoc
446 579 506 642 fltu
521 576 649 642 recedit
660 581 866 646 Ptolemaeus
879 591 914 662 4,
938 605 966 644 t.
988 580 1093 666 magis

42 675 157 740 etiam
171 677 321 752 numeri,
348 677 471 766 quippe
485 679 542 766 qui
563 682 604 742 ad
621 679 795 744 occiduam
810 681 981 746 exterioris
997 685 1090 750 Mau·

41 777 203 843 reteniae
222 796 348 864 pattena
372 779 476 865 ponit.
530 779 586 845 sic
605 784 706 855 Mela,
733 789 814 848 dum
834 799 949 848 contra
969 787 1089 848 Lusita·

1 897 2 966 3
40 877 143 942 niam
160 879 278 954 statuit,
296 880 393 944 aliam
411 880 648 963 fituErythiam
664 881 837 958 intellexit,
858 885 908 948 uti
924 901 957 949 et
972 883 1089 950 diserte

1 973 2 982 ἶ
41 997 147 1044 notat
168 981 299 1046 Plinius
313 993 349 1063 4,
367 985 424 1060 36.
444 984 463 1046 s.
480 1001 538 1047 aa.
588 983 654 1047 alii
676 1005 757 1070 vage
775 988 815 1049 ab
838 989 971 1051 Oceano
993 990 1088 1052 satum

42 1083 224 1148 denotant.
272 1083 327 1148 Sic
347 1080 378 1148 ἐν
399 1084 450 1168 τῷ
469 1081 627 1169 ’Ὠκεανῷ
647 1087 830 1170 Stephanus
851 1091 883 1152 h.
900 1111 931 1152 v.
955 1086 1024 1174 (uti
1045 1090 1087 1151 de

44 1182 223 1266 Gadibus)
245 1201 278 1248 et
291 1183 396 1250 Solin.
416 1206 487 1270 cap.
507 1188 564 1251 26.
580 1187 602 1250 s.
621 1203 677 1265 23.
702 1205 758 1250 aut
773 1187 909 1265 errat-in
937 1187 1017 1280 πρός
1037 1191 1089 1274 τῷ

43 1283 211 1368 ’Ὠκεανῷ
230 1289 338 1350 Schol.
358 1285 493 1372 Pindari
516 1289 557 1348 atl
580 1289 709 1372 Olymp.
728 1305 761 1368 3,
780 1307 837 1372 79.
871 1293 961 1378 quod
984 1295 1086 1354 Hero·

43 1389 129 1449 doto
145 1399 183 1466 4,
202 1399 235 1464 fl.
254 1388 296 1450 est
312 1381 362 1452 ieri
380 1387 429 1471 τῷ
446 1385 612 1472 Ὠκεανῷ,
635 1387 798 1454 adiunctis
814 1407 922 1454 tamen
940 1394 1085 1455 luculen-

44 1487 195 1550 tioribus
218 1487 324 1563 notis,
357 1489 451 1552 etde
474 1488 620 1553 Gadibus
643 1487 763 1556 ticinis
784 1490 939 1573 Dionysio
954 1515 985 1556 v.
999 1502 1086 1574 454.

46 1583 98 1654 iri
123 1587 280 1680 τέρμασιν
300 1588 495 1663 Ὠκεανοῖο.
522 1611 588 1676 quo
604 1591 797 1676 Hesperium
812 1615 901 1656 mare
923 1617 963 1656 ex
979 1617 1010 1657 v.
1026 1597 1084 1672 63.

47 1689 229 1775 intelligit,
274 1694 364 1777 quod
393 1691 578 1756 Eustathius
607 1691 749 1777 explicat
776 1693 856 1783 πρός
887 1697 936 1782 τῷ.
957 1693 1086 1784 ἑσπερίη

46 1788 218 1880 θαλάσση.
267 1792 324 1857 Sic
347 1791 482 1874 Dionys.
498 1817 529 1856 ν.
548 1805 630 1875 559.
654 1796 695 1857 tle
716 1794 853 1876 Erythia
874 1791 943 1885 περὶ
970 1795 1086 1886 χεῦμα

44 1887 248 1971 Ἄτλαντος,
273 1892 295 1958 i.
319 1915 347 1958 e.
371 1887 441 1984 περὶ
465 1893 506 1960 τό
524 1890 734 1960 Ἀτλαντικὸν
756 1893 915 1982 πέλαγος,
942 1898 1002 1964 sec.
1020 1899 1085 1960 Eu·

48 1993 218 2060 stathintn.
258 1992 444 2072 Ὠκεανῖτις
471 1996 564 2084 νῆσοζ
585 1995 631 2084 τη
656 1993 822 2083 Γηρυόνου
845 1997 887 2059 est
909 1995 1019 2060 eidem
1043 1999 1085 2060 ad

47 2097 188 2160 Homer.
203 2099 239 2158 ll.
258 2113 292 2170 7,
314 2101 392 2175 156.
409 2119 441 2182 p.
457 2120 501 2162 m.
518 2107 602 2177 542.
637 2101 674 2160 ln
689 2095 741 2160 his
757 2108 834 2161 ¹cum
851 2099 892 2160 tle
907 2097 1010 2162 insula
1025 2096 1084 2184 ipsi

1 2227 2 2258 r
49 2213 162 2282 aperte
187 2199 381 2282 loquantur,
413 2219 481 2260 aron
505 2199 546 2260 de
569 2201 665 2269 urbe.
701 2197 795 2288 προς,
824 2191 873 2264 iri
895 2200 938 2261 est
958 2197 1007 2280 ἐν,
1033 2197 1083 2262 uti

48 2300 139 2380 opud
151 2295 265 2383 passam
280 2297 316 2361 in
330 2297 467 2372 Latinis,
493 2303 546 2362 vel
560 2297 605 2362 ita
619 2299 721 2384 potest
738 2298 906 2386 explicari,
928 2317 966 2362 ut
981 2299 1084 2366 iaceat

1 2438 2 2483 η
50 2399 83 2461 in
99 2420 142 2462 eo
157 2397 300 2463 marium
317 2415 431 2471 tractu,
456 2399 514 2462 ubi
531 2403 680 2464 Oceanus
700 2399 830 2486 incipit,
855 2417 952 2486 atque
967 2405 1008 2465 stc
1026 2399 1083 2464 illa

48 2500 254 2585 comparatio
275 2521 343 2564 non
361 2500 525 2586 pertineat
545 2503 587 2563 ad
609 2501 854 2575 continentem,
882 2503 936 2564 secl
953 2503 993 2565 ad
1015 2500 1083 2586 ipsa

49 2601 165 2665 maria.
218 2605 265 2664 lta
286 2601 385 2665 etiam
409 2601 549 2686 intelligi
574 2603 676 2686 potest
701 2605 889 2687 Apollodor.
915 2623 946 2676 a,
970 2618 1004 2682 5,
1027 2626 1080 2667 ιο.

1 2711 2 2796 ᾖ
51 2700 245 2766 cumdicit:
282 2701 424 2794 κειμένην
447 2702 583 2790 πλησίον
604 2701 781 2776 Ὠκεανοῦ.
807 2705 896 2790 quod
911 2703 1019 2788 primo
1032 2701 1082 2766 in·

1 2811 2 2818 ’
52 2803 140 2868 tuitu
162 2802 318 2867 inscitum
344 2821 376 2866 et
402 2803 579 2867 ridiculum
606 2805 663 2876 est,
697 2803 748 2867 uti
774 2804 900 2868 censuit
921 2803 1081 2884 lieynium

1 2967 2 2970 ,
53 2904 107 2992 qui
123 2903 274 2990 pluribus
289 2907 331 2967 de
346 2926 385 2968 eo
401 2903 553 2989 disputat.
582 2907 707 2968 Insulae
724 2895 865 2987 εὐφυΐαν
883 2903 972 2971 etad
988 2899 1085 2984 εὔβο-

1 3047 2 3106 η
52 3031 108 3073 τον
131 3007 244 3070 laudat
263 3009 378 3070 Strabo
405 3022 438 3068 et
462 3005 541 3068 inde
566 3006 707 3069 Eustuth.
729 3028 776 3070 ce.
802 3009 834 3069 ll.
888 3002 1083 3096 Βοοτηόφον

53 3125 148 3173 vocat
176 3107 310 3189 Dionys.
335 3131 366 3172 v.
390 3119 471 3186 558.
512 3108 563 3173 cf.
587 3123 618 3170 et
646 3105 753 3170 lustin.
779 3119 839 3186 44,
863 3119 898 3186 4,
928 3119 980 3188 14.
1031 3108 1084 3169 De

1 3223 2 3290 l
55 3207 214 3290 Geryonis
231 3207 279 3271 ibi
296 3209 369 3272 sede
383 3207 496 3272 statim.
536 3213 629 3293 Quae
650 3212 686 3271 stl
701 3207 801 3270 hodie
817 3225 849 3270 et
862 3206 932 3278 ubi,
957 3203 1085 3292 quaeri·

1 3303 2 3354 ἶ
54 3328 114 3375 tur.
154 3313 283 3374 Salazar
295 3308 331 3372 in
346 3308 510 3394 antiquitt.
528 3309 677 3374 Gaditan.
701 3332 729 3380 ι,
750 3321 785 3388 4.
806 3325 900 3392 putat
915 3306 949 3370 in
965 3309 1083 3371 eodem

53 3414 113 3476 elle
134 3415 228 3484 loeo,
254 3409 312 3474 ubi
328 3433 418 3474 nune
435 3412 534 3476 [eom
583 3407 666 3472 Mari
685 3411 846 3480 haustam,
872 3425 909 3472 ut
929 3431 972 3472 ne
990 3405 1083 3470 vesti·

1 3503 2 3558 l
53 3513 145 3599 gium
160 3511 296 3599 quidem
311 3510 383 3575 eius
398 3509 498 3574 hodie
514 3511 622 3582 exstet,
636 3509 780 3573 Mariana
796 3509 865 3574 hist.
877 3509 967 3594 llisp.
983 3533 1012 3583 1,
1025 3529 1082 3574 αι.

53 3639 84 3700 p.
103 3631 161 3697 59.
189 3615 371 3676 Bochartus
385 3634 413 3678 c.
429 3615 452 3676 1.
478 3615 502 3674 F
504 3615 592 3674 lorea
610 3609 646 3674 in
670 3613 789 3695 Espatia
806 3612 947 3694 Sagrada
968 3613 1008 3672 T.
1027 3627 1082 3690 15.

1 3777 2 3788 ,
53 3739 85 3802 p.
103 3720 163 3782 60.
185 3713 364 3777 adsentitur
379 3715 483 3777 Volsro
505 3729 538 3775 et
556 3729 649 3798 putat
668 3713 700 3774 h.
724 3713 763 3774 de
778 3713 878 3774 Saltes
902 3713 942 3772 ad
966 3708 1083 3774 ollium

1 3795 2 3874 l
53 3821 151 3883 Arae.
189 3818 240 3878 De
255 3819 286 3878 la
301 3817 415 3878 Nauae
438 3814 499 3894 (cs.
517 3813 628 3898 supra)
649 3810 811 3874 evanuisse
830 3809 952 3882 credit,
975 3827 1009 3873 et
1029 3813 1083 3874 ad·

55 3918 138 4003 gesta
158 3933 242 3981 terra
256 3915 402 3980 Gadibus
425 3913 588 3986 additam,
617 3933 701 3998 qnae
717 3911 794 3974 inde
815 3912 919 3974 sactae
936 3915 994 3975 sant
1014 3915 1085 3975 lon·

56 4018 174 4104 giores.
227 4019 350 4081 Contra
383 4013 527 4102 disputat
562 4015 717 4077 Mannert
748 4011 954 4098 Geograplrie
983 4015 1024 4081 Τ.
1055 4037 1083 4076 ι.

1 4129 3 4214 l
56 4142 129 4207 pag.
156 4129 237 4203 284.
273 4117 471 4210 quitodem
492 4119 552 4184 litu
573 4111 726 4204 reperiri,
757 4134 858 4203 quem
879 4115 1086 4200 designarunt
