2696 4896
158 423 362 484 rra-rotat.
390 423 497 482 unt.
537 424 651 482 Lm.
692 425 798 492 nrt.
839 426 918 499 ta·
993 440 1053 506 203

52 596 176 684 συνεχῶς
202 592 399 686 aparinen.
433 591 537 686 ἑλώδη
567 595 725 684 γίγνεται.
792 597 935 664 Bellibua
965 601 1056 664 enim

50 705 165 786 agitatur
184 699 345 781 Oceanus,
371 703 456 782 quod
479 699 539 762 luia
563 701 719 763 militibus
741 701 942 786 incognitum
964 701 1056 766 fuitre

51 801 138 863 inibit
149 801 205 862 lul.
221 800 309 864 Cael.
327 811 362 880 4,
377 817 435 882 99.
475 802 561 864 Hinc
569 794 739 891 ser-uidam
757 815 848 864 vocat
864 823 939 866 aum
960 804 1057 867 Ocea·

50 924 114 965 num
131 902 262 965 Eumen.
285 906 320 964 in
342 923 492 988 panegyr.
512 903 546 963 in
569 902 789 966 Constantium
804 902 891 967 Cael.
912 925 978 988 cap.
1001 915 1056 988 14.

49 1017 75 1066 tt
90 1003 239 1066 Ammian.
260 1018 319 1078 2¹7,
337 1015 370 1079 3.
393 1025 425 1086 p.
445 1014 528 1084 585.
547 1005 690 1082 (Gran.)
713 1006 916 1079 reciprocum,
943 1005 1059 1068 adtolli

49 1103 186 1166 horrendis
203 1103 338 1195 aestibus
358 1097 534 1198 adsueuerat.
581 1103 632 1169 Cf.
656 1105 742 1170 Ptin.
760 1121 793 1179 a,
812 1123 872 1187 99.
898 1105 919 1173 l.
937 1125 997 1190 97.
1019 1129 1059 1172 ex

48 1205 164 1282 Pytheae
181 1207 371 1271 narratione.

107 1429 270 1488 gemmae
283 1407 362 1492 -)
411 1410 473 1474 Sed
494 1429 562 1474 nnn
586 1411 653 1476 eine
672 1413 783 1496 pretii,
809 1413 899 1475 cuiue
919 1412 1058 1478 indicae.

50 1507 157 1572 Cunilat
187 1524 312 1582 tamen,
353 1525 476 1575 reterre
509 1515 542 1574 in
570 1512 631 1575 hoc
656 1515 808 1595 opinione
834 1515 983 1596 deceptor
1006 1515 1060 1576 val

51 1611 174 1692 exemplo
195 1614 270 1673 lulli
290 1613 444 1685 Caesarie,
477 1616 529 1695 qni
551 1633 661 1675 earum
680 1615 730 1695 spe
751 1615 868 1676 tlicitur
886 1617 920 1676 in
940 1615 1062 1676 Britan·

51 1713 118 1770 niam
140 1714 308 1787 traneiille,
339 1731 375 1776 ut
397 1715 535 1797 exprelle
556 1715 634 1776 dicit
660 1717 845 1780 Suetonius.
873 1713 959 1805 [cap.
976 1709 1059 1802 47.]

53 1830 105 1873 nc.
119 1831 316 1879 naonavure
330 1816 405 1878 MS.
447 1816 711 1880 commemorant
724 1831 758 1878 et
772 1817 834 1891 alii,
855 1819 957 1880 veluti
970 1819 1062 1879 Taci-

53 1914 131 1973 tnein
146 1917 289 2000 Agricola
303 1937 369 2000 cap.
393 1935 446 1980 aa.
474 1919 528 1999 qui
545 1917 672 1980 Oceano
691 1918 817 1990 tribuit.
840 1917 892 1980 l'ad
910 1916 1062 1982 lubfnlcaa

49 2010 122 2075 inille
133 2035 165 2076 aa
178 2019 317 2082 liventes
331 2020 429 2081 addit.
457 2019 581 2081 Pliniue
597 2037 631 2098 9,
648 2030 707 2096 57.
723 2017 743 2082 l.
761 2033 818 2099 55.
832 2041 953 2100 paruas
971 2018 1062 2105 (eum

53 2134 141 2175 aarum
163 2119 401 2196 amplitudinem
422 2121 528 2182 laudet
546 2117 731 2202 Suetonius)
750 2141 786 2182 ac
803 2120 957 2183 decolores
979 2119 1063 2183 nalai

53 2216 79 2274 in
90 2215 238 2282 Britannia
254 2235 375 2282 certum
392 2223 586 2302 pronuntiat,
610 2234 643 2285 et
662 2223 737 2284 inde
751 2221 923 2294 thoracem,
946 2223 1063 2286 Venari

54 2316 186 2381 Genitriai
209 2323 349 2384 dicatum
374 2323 550 2406 intemplo
575 2343 593 2384 a
616 2323 698 2385 Iulio
715 2322 854 2393 Caelata.
878 2322 995 2386 iactum
1012 2325 1064 2386 ad·

54 2417 147 2484 firmat.
187 2420 238 2484 Cf.
254 2437 288 2484 et
304 2423 404 2485 Salia.
424 2425 482 2502 56.
501 2421 521 2486 l.
540 2437 599 2502 53.
629 2424 816 2487 Ammianus
833 2423 888 2486 tib.
907 2439 965 2504 25.
982 2439 1064 2489 extr.

53 2520 141 2598 quiin
159 2542 267 2584 earum
285 2526 374 2586 tenni
389 2526 492 2607 pretio
507 2523 680 2595 consentit,
705 2537 737 2586 et
752 2545 833 2606 quoe
848 2539 1003 2608 praeterea
1018 2525 1064 2587 ibi

55 2625 160 2682 nutarit
170 2624 387 2710 Lindenbrog.
415 2626 568 2688 Ceterum
581 2625 682 2688 Malae
699 2627 805 2688 lacurn
821 2639 982 2708 utcunque
994 2627 1064 2690 red·

55 2720 121 2782 didit
136 2725 307 2788 lornandae
323 2727 469 2788 derebus
484 2727 557 2790 Get.
571 2747 597 2788 c.
617 2745 647 2790 a.
664 2725 730 2789 tata·
741 2749 797 2807 per
811 2749 878 2788 earn
897 2729 973 2790 dicit
987 2729 1065 2789 mul-

56 2832 180 2905 taquam
197 2827 342 2890 maxima
357 2825 510 2910 relabique
514 2821 655 2914 flumina
667 2849 805 2908 gemmas
813 2831 1064 2912 margaritasque

54 2923 206 2991 volventia.
225 2947 341 2991 rzecn.
376 2929 539 3013 Quaenam
557 2927 715 2991 iunt'illae
730 2930 897 3015 gemmae?
920 2931 1066 2994 Flumina
1144 3007 1147 3014 Ι

55 3022 97 3084 illa
115 3026 298 3110 gemmifera
318 3042 351 3092 at
371 3027 593 3114 margaritifera
616 3048 701 3091 mera
722 3028 866 3114 prolecto
890 3028 959 3093 lrtnt
980 3050 1066 3092 corn·

55 3141 144 3190 manta
181 3131 223 3190 ad
254 3131 471 3214 apparandum
506 3130 590 3192 llulti
624 3133 825 3214 imperatoria
855 3131 1065 3212 triumphurn.

57 3222 119 3287 Nou
132 3229 243 3292 desunt
258 3244 365 3294 tamen
387 3232 465 3293 honi
481 3233 559 3301 riri.
585 3233 640 3313 qui
654 3245 770 3313 putant
786 3233 979 3292 Britanniam
999 3235 1067 3314 opi·

56 3321 103 3388 bne
116 3342 146 3391 et
158 3333 281 3395 divitiis
298 3333 361 3396 illie
384 3332 461 3396 olim
478 3333 657 3394 instructam
674 3330 772 3396 luille.
823 3334 942 3394 Verum
963 3333 1025 3394 hoc
1046 3333 1067 3392 li

56 3425 132 3500 ellat,
159 3453 227 3496 non
249 3436 386 3496 tamdiu
408 3435 561 3496 immunia
584 3431 740 3496 latuerat
760 3433 889 3494 avaritia
905 3435 1068 3496 Romano·

56 3543 125 3593 ram.
157 3533 327 3597 Suffeeiliet
349 3549 507 3618 praeterea
528 3535 605 3597 haec
621 3532 718 3596 inlula
738 3535 832 3596 uniue
852 3535 987 3618 legionia
1008 3536 1067 3594 im·

57 3631 158 3708 penita,
188 3637 275 3716 qnod
298 3650 403 3698 tamen
424 3651 519 3720 negat
540 3635 663 3699 Strabo.
687 3629 745 3722 [4.
769 3656 800 3718 p.
824 3646 902 3714 138.
921 3633 941 3698 l.
960 3628 1067 3721 anm]

52 3729 171 3796 Thorax
190 3738 260 3808 ille,
286 3757 382 3817 quem
397 3737 512 3798 Veneri
534 3737 686 3821 genetrici
702 3738 818 3799 dicarit
834 3737 934 3796 luliue
949 3734 1067 3806 Caesar,

58 3851 113 3893 non
133 3837 258 3900 videtur
281 3857 318 3900 er
340 3838 529 3900 Britannicis
557 3839 732 3922 margaritis
758 3836 846 3898 inilia
868 3838 1068 3921 compositus,

59 3927 102 3993 lert
127 3957 163 3998 etr
188 3939 292 4020 patrie
316 3953 350 4001 et
375 3939 592 4009 decoloribua‚
626 3955 706 4020 quoa
738 3950 844 4000 tamen
869 3937 1069 4002 Britannicae

59 4036 132 4098 aredi
153 4039 296 4111 valebat.
329 4059 371 4100 ne
393 4037 499 4101 frullra
525 4039 722 4100 Britanniam
747 4037 865 4121 petiille
891 4041 1067 4103 videretur.

60 4133 104 4199 Sia
124 4140 208 4208 enirn
237 4141 418 4227 accipienda
440 4139 514 4205 lunt
540 4140 637 4205 rerba
660 4139 759 4204 Plinii
781 4139 839 4205 lib.
860 4158 896 4223 9.
920 4161 986 4227 cap.
1010 4151 1069 4224 55.
