2696 4896
180 410 235 468 rrt
262 407 398 468 ronr.
430 409 537 466 nnn.
579 405 689 465 Lm.
731 407 824 470 nv.
865 409 943 479 ee.
1025 419 1082 484 151

32 581 147 654 Priori
178 585 315 646 nornine
331 581 432 646 ‘idem
458 595 729 646 commemoretur
750 582 846 644 etitro
876 603 892 644 e
920 580 1083 646 Marciano

43 688 236 751 Heracleote
259 688 292 748 in
308 686 430 769 periplo
446 706 477 769 p.
500 704 555 764 ¹9·
571 683 708 762 (Hudl)
735 696 767 744 et
782 684 955 746 Ammiano
973 697 1029 766 23,
1046 685 1081 748 6.

41 788 279 852 Adsentiamur
302 787 450 851 Salmatia
472 786 624 850 Cellnriue
647 787 680 846 in
700 785 816 870 Geogr.
839 800 904 850 ant.
921 799 953 862 3.
976 805 1030 866 19,
1047 782 1080 850 6.

38 907 73 955 et
87 891 273 956 Bochertm
288 891 320 950 in
337 890 454 974 Phtleg
472 905 504 958 o.
528 905 562 954 α.
615 889 671 950 lile
693 903 797 950 tamen
813 889 894 970 apori
914 890 1082 952 Attianum

35 993 152 1056 eroon
172 995 315 1054 eundem
337 991 396 1054 elle
415 1005 516 1073 putet.
565 991 722 1060 Pontem.
746 1009 842 1072 qoem
865 992 958 1052 ineo
979 987 1081 1054 ieoille

34 1095 261 1160 Alexandrum
295 1107 422 1154 narrant
456 1106 618 1164 auctora,
659 1091 726 1174 poll
761 1093 959 1153 incremento
989 1091 1081 1154 fluvii

35 1210 177 1278 ruptum
205 1211 239 1257 et
271 1193 309 1254 ab
342 1191 481 1278 Angullo
510 1195 711 1256 inlitteratum
744 1193 878 1256 innuere
911 1195 1081 1278 Virgilium

37 1299 121 1362 Aen.
139 1311 175 1374 8,
195 1305 280 1371 728.
302 1300 314 1372 (
321 1311 453 1378 pontem
472 1295 658 1377 indignatus
675 1296 815 1372 Araxes)
836 1308 925 1377 putet
940 1297 1080 1367 Seniue.

37 1413 70 1460 at
92 1399 180 1460 mele
203 1399 250 1458 ibi
272 1417 346 1458 enm
363 1399 528 1460 Armeniae
545 1397 683 1460 liuvinm
700 1411 803 1458 vocet.
858 1395 965 1458 Oxum
984 1398 1080 1460 etiem

38 1513 71 1564 et
88 1500 215 1562 Araxen
231 1499 364 1581 quidem
379 1501 518 1562 euntlem
534 1497 670 1568 iaciunt,
694 1499 746 1560 vel
766 1496 983 1568 commiscent,
999 1499 1081 1576 (rid.

41 1601 123 1662 inire
138 1604 183 1664 ad
202 1598 278 1684 52.)
303 1620 383 1684 quoe
405 1616 510 1662 temen
531 1601 601 1672 elii,
627 1601 717 1660 velut
739 1601 887 1663 Arrianus
904 1602 944 1662 de
964 1599 1079 1682 exped.

43 1704 130 1766 Alex.
152 1703 200 1764 M.
218 1713 252 1780 5.
273 1703 326 1766 16.
349 1701 557 1786 distinguunt.
604 1703 736 1764 Peneum
752 1721 847 1784 porro
864 1703 984 1764 Araxen
1002 1702 1081 1764 olim

41 1807 166 1866 dictum
184 1803 261 1874 elle.
289 1801 375 1886 lnpre
391 1805 452 1864 inm
469 1804 578 1866 notavi
594 1804 632 1865 ed
647 1819 679 1872 2.
698 1817 729 1882 5,
750 1825 779 1866 r.
799 1825 830 1886 p.
852 1805 933 1883 264.
983 1802 1082 1865 Ponti

42 1907 140 1968 etiem
170 1907 399 1990 cognominem
425 1905 560 1966 lineium
584 1918 839 1967 commemorent
860 1904 1007 1986 Orpheus
1030 1907 1084 1966 Ar·

42 2027 118 2093 gon.
138 2029 174 2070 v.
193 2021 276 2086 747.
305 2021 336 2068 et
360 2007 507 2088 Apollon.
532 2007 638 2070 Rhorl.
656 2017 689 2088 4,
711 2020 791 2087 133.
823 2007 878 2067 obi
899 2005 1082 2070 Scholiestee

43 2129 80 2172 ex
103 2109 299 2172 Metrodoro
321 2105 436 2178 refert,
469 2108 511 2170 ite
532 2106 787 2170 Thermodontem
810 2105 899 2170 inille
920 2121 1080 2180 nocetum.

42 2211 95 2274 etii
119 2225 269 2273 auctores
294 2211 341 2270 illi
368 2229 438 2272 oum
467 2210 535 2272 aliie
559 2213 712 2294 coniungi
734 2223 871 2274 narrent.
915 2208 966 2273 Cl.
990 2209 1028 2272 etl
1052 2229 1082 2282 ι,

47 2331 100 2393 ι9,
117 2335 153 2392 9.
172 2333 242 2396 pag.
261 2313 345 2374 θοι.
399 2311 524 2394 Nempe
546 2317 667 2372 tirones
691 2314 818 2374 videtur
840 2331 906 2372 non
929 2325 993 2374 tem
1011 2329 1083 2396 pro-

44 2418 150 2497 prium
176 2427 209 2474 et
230 2414 383 2494 peculiare
400 2413 476 2473 olim
496 2414 585 2474 fluvii
602 2433 721 2475 nomen
738 2412 845 2485 fnisse,
877 2411 927 2474 sed
952 2413 1085 2494 adpelle·

46 2519 174 2584 tirum,
208 2514 359 2576 omnibus
388 2515 543 2575 tributum
573 2511 697 2584 fluviis,
727 2519 781 2597 qui
805 2535 878 2577 cum
903 2515 1028 2597 lltepitn
1051 2529 1083 2578 et
1183 2517 1186 2524 ’

47 2616 174 2702 fragore
202 2619 463 2678 devolverentur.
517 2617 604 2678 Eros
626 2617 712 2677 enirn
736 2616 755 2680 l.
779 2619 860 2679 Aras
885 2617 1004 2679 Perlice
1026 2617 1084 2679 flu-

48 2722 136 2780 rium
162 2731 271 2787 notat,
304 2720 388 2780 unde
410 2732 459 2778 tot
476 2719 588 2779 Araxen
603 2717 747 2779 exltitille
772 2717 853 2781 bene
874 2719 1006 2801 explicet
1024 2720 1084 2780 lie·

48 2821 159 2882 tandm
178 2821 211 2880 in
228 2818 340 2880 differt.
359 2821 398 2880 de
413 2817 551 2900 peredilo
566 2838 592 2880 c.
615 2838 668 2897 17.
693 2833 726 2880 et
742 2821 775 2880 in
792 2821 961 2882 Pelnelline
982 2841 1010 2892 ι,
1022 2831 1084 2900 43.

50 2921 97 2986 Cf.
118 2919 305 3006 Welleling.
333 2921 371 2984 ad
398 2921 531 2982 Diodor.
556 2917 620 2982 Sic.
643 2931 698 3000 14,
722 2937 779 3000 29.
803 2923 847 2984 in.
889 2920 1017 2986 Gesner.
1044 2921 1084 2983 ad

51 3025 217 3107 Orpheum
235 3041 260 3084 e.
277 3023 298 3084 l.
327 3036 359 3084 et
379 3025 434 3104 qni
452 3025 521 3083 dete
538 3041 631 3103 opere
646 3023 685 3084 de
702 3043 742 3084 eo
756 3023 907 3105 qnaefivit
922 3024 1084 3085 ‹l'Anville

52 3109 104 3190 ileo
126 3127 252 3188 fleuvn
274 3124 318 3207 §lu
340 3144 419 3186 nom
442 3125 573 3186 d'Arexe
589 3145 623 3206 p.
639 3143 685 3203 79
707 3123 746 3205 [q.
775 3123 828 3208 (in
848 3127 1019 3188 memoiret
1033 3155 1086 3172 -

50 3228 89 3288 de
109 3227 203 3292 Pario
223 3213 320 3288 Tom.
340 3225 418 3310 36.)
470 3225 585 3287 Maniit
607 3239 639 3287 et
659 3225 760 3308 postea
785 3247 904 3288 nomen
930 3227 1022 3286 Eram
1046 3225 1087 3288 de

48 3329 202 3398 Plinium,
228 3329 276 3388 uti
293 3329 420 3412 adparet
436 3347 476 3389 ex
490 3327 699 3390 Constantino
715 3327 916 3414 Porphyrog.
934 3327 974 3390 cle
991 3327 1091 3388 admi·

50 3431 234 3493 nillretione
254 3431 332 3511 imp.
353 3449 419 3512 cop.
443 3440 503 3510 45.
555 3429 641 3490 Erae
662 3430 702 3490 de
726 3429 831 3491 nollro
853 3427 927 3492 laec.
947 3429 980 3491 6.
1015 3428 1089 3492 Vidn

50 3519 316 3613 i'heophylacttte
339 3533 509 3594 Simooetta
525 3551 557 3614 p.
575 3545 633 3606 7ο.
664 3532 878 3613 Theophanes
900 3551 932 3611 p.
951 3545 1034 3593 tzor.
1056 3541 1089 3590 et

50 3633 225 3699 Anastafiue
240 3653 310 3717 pag.
327 3647 385 3712 74.
437 3633 516 3695 inde
531 3635 615 3694 varie
630 3635 743 3702 etiam,
770 3653 850 3714 qnae
871 3629 1088 3716 conpinfionern

52 3737 212 3798 obiiciunt
232 3737 266 3796 in
288 3734 425 3817 antiquie
442 3735 635 3806 auctoribus,
659 3735 794 3818 intelligi
812 3747 843 3794 rt
861 3733 1008 3814 explicari
1023 3729 1089 3815 poi·

53 3835 134 3900 lunt.
170 3838 257 3899 Hinc
274 3835 355 3902 forte
366 3833 488 3900 dero
499 3835 612 3918 Polyb.
630 3855 658 3900 c.
672 3837 694 3900 l.
719 3855 798 3918 quen
813 3833 915 3898 noller
932 3835 972 3898 de
983 3835 1091 3904 Araxe,

52 3953 167 4004 narret.
208 3937 321 4002 Noller
338 3939 372 4002 lr.
388 3929 531 4029 Areffow
547 3935 569 4001 i.
586 3941 678 4004 Aras.

129 4141 367 4226 Armeniae)
418 4138 471 4208 ct.
494 4141 533 4208 erl
559 4153 592 4225 3,
614 4151 648 4222 8,
675 4153 709 4222 5.
824 4149 826 4154 '
