<?xml version="1.0" encoding="UTF-8"?>
<!DOCTYPE html PUBLIC "-//W3C//DTD XHTML 1.0 Transitional//EN"
    "http://www.w3.org/TR/xhtml1/DTD/xhtml1-transitional.dtd">
<html xmlns="http://www.w3.org/1999/xhtml" xml:lang="en" lang="en">
 <head>
  <title>
</title>
<meta http-equiv="Content-Type" content="text/html;charset=utf-8" />
  <meta name='ocr-system' content='tesseract 3.04.00' />
  <meta name='ocr-capabilities' content='ocr_page ocr_carea ocr_par ocr_line ocrx_word'/>
</head>
<body>
  <div class='ocr_page' id='page_1' title='image "./pomponiimelaede03melagoog_0328.png"; bbox 0 0 2746 4894; ppageno 0'>
   <div class='ocr_carea' id='block_1_1' title="bbox 312 411 1085 494">
    <p class='ocr_par' dir='ltr' id='par_1_1' title="bbox 312 411 1085 494">
     <span class='ocr_line' id='line_1_1' title="bbox 312 411 1085 494; baseline -0.012 -18"><span class='ocrx_word' id='word_1_1' title='bbox 312 425 375 494; x_wconf 59' lang='lat' dir='ltr'><strong>aar</strong></span> <span class='ocrx_word' id='word_1_2' title='bbox 581 413 741 474; x_wconf 74' lang='lat' dir='ltr'><strong>uotae</strong></span> <span class='ocrx_word' id='word_1_3' title='bbox 780 411 1085 470; x_wconf 78' lang='lat' dir='ltr'><strong>uxaourrctu</strong></span> 
     </span>
    </p>
   </div>
   <div class='ocr_carea' id='block_1_2' title="bbox 303 581 1333 974">
    <p class='ocr_par' dir='ltr' id='par_1_2' title="bbox 303 581 1333 974">
     <span class='ocr_line' id='line_1_2' title="bbox 317 581 1331 673; baseline -0.004 -20"><span class='ocrx_word' id='word_1_4' title='bbox 317 591 436 673; x_wconf 82' lang='lat' dir='ltr'><strong>regium</strong></span> <span class='ocrx_word' id='word_1_5' title='bbox 457 581 587 651; x_wconf 78' lang='lat' dir='ltr'>Plinius</span> <span class='ocrx_word' id='word_1_6' title='bbox 604 587 638 657; x_wconf 85' lang='grc'>6,</span> <span class='ocrx_word' id='word_1_7' title='bbox 659 601 716 664; x_wconf 86' lang='lat'><strong>3⁰·</strong></span> <span class='ocrx_word' id='word_1_8' title='bbox 741 585 761 648; x_wconf 89' lang='lat' dir='ltr'><strong>l.</strong></span> <span class='ocrx_word' id='word_1_9' title='bbox 781 587 836 652; x_wconf 76' lang='lat' dir='ltr'><strong>ao.</strong></span> <span class='ocrx_word' id='word_1_10' title='bbox 872 583 1034 649; x_wconf 84' lang='lat' dir='ltr'><strong>Ammian.</strong></span> <span class='ocrx_word' id='word_1_11' title='bbox 1055 601 1111 668; x_wconf 74' lang='lat'><strong>25,</strong></span> <span class='ocrx_word' id='word_1_12' title='bbox 1128 587 1160 651; x_wconf 90' lang='lat'><strong>6.</strong></span> <span class='ocrx_word' id='word_1_13' title='bbox 1180 606 1248 672; x_wconf 84' lang='lat' dir='ltr'><strong>pag.</strong></span> <span class='ocrx_word' id='word_1_14' title='bbox 1265 598 1331 663; x_wconf 78' lang='lat'><strong>287.</strong></span> 
     </span>
     <span class='ocr_line' id='line_1_3' title="bbox 318 681 1333 778; baseline -0.003 -25"><span class='ocrx_word' id='word_1_15' title='bbox 318 694 461 771; x_wconf 86' lang='lat' dir='ltr'><strong>(Gron.)</strong></span> <span class='ocrx_word' id='word_1_16' title='bbox 510 687 602 750; x_wconf 86' lang='lat' dir='ltr'><strong>Idem</strong></span> <span class='ocrx_word' id='word_1_17' title='bbox 625 698 681 766; x_wconf 73' lang='lat'><strong>24,</strong></span> <span class='ocrx_word' id='word_1_18' title='bbox 700 689 733 750; x_wconf 88' lang='lat'><strong>6.</strong></span> <span class='ocrx_word' id='word_1_19' title='bbox 752 683 798 751; x_wconf 91' lang='lat' dir='ltr'><strong>in.</strong></span> <span class='ocrx_word' id='word_1_20' title='bbox 820 692 926 750; x_wconf 74' lang='lat' dir='ltr'><strong>aratris</strong></span> <span class='ocrx_word' id='word_1_21' title='bbox 943 711 1047 769; x_wconf 76' lang='lat' dir='ltr'><strong>regum</strong></span> <span class='ocrx_word' id='word_1_22' title='bbox 1065 705 1098 750; x_wconf 88' lang='lat' dir='ltr'><strong>et</strong></span> <span class='ocrx_word' id='word_1_23' title='bbox 1116 681 1217 778; x_wconf 78' lang='lat' dir='ltr'><strong>foffile</strong></span> <span class='ocrx_word' id='word_1_24' title='bbox 1227 683 1333 776; x_wconf 74' lang='lat' dir='ltr'><strong>flamm</strong></span> 
     </span>
     <span class='ocr_line' id='line_1_4' title="bbox 303 785 1333 876; baseline -0.003 -20"><span class='ocrx_word' id='word_1_25' title='bbox 303 789 411 875; x_wconf 58' lang='lat' dir='ltr'><strong>‚dicit</strong></span> <span class='ocrx_word' id='word_1_26' title='bbox 451 791 581 852; x_wconf 85' lang='lat' dir='ltr'>Nomen</span> <span class='ocrx_word' id='word_1_27' title='bbox 601 787 693 851; x_wconf 82' lang='lat' dir='ltr'><strong>luill&#39;e</strong></span> <span class='ocrx_word' id='word_1_28' title='bbox 710 787 741 850; x_wconf 87' lang='lat' dir='ltr'><strong>ci</strong></span> <span class='ocrx_word' id='word_1_29' title='bbox 764 790 985 851; x_wconf 76' lang='lat' dir='ltr'><em>Naarmalcha</em></span> <span class='ocrx_word' id='word_1_30' title='bbox 1004 787 1105 853; x_wconf 87' lang='lat' dir='ltr'><strong>addit.</strong></span> <span class='ocrx_word' id='word_1_31' title='bbox 1143 785 1333 876; x_wconf 73' lang='grc' dir='ltr'>Ναρμᾰλχαν</span> 
     </span>
     <span class='ocr_line' id='line_1_5' title="bbox 318 879 1331 974; baseline -0.001 -17"><span class='ocrx_word' id='word_1_32' title='bbox 318 897 419 957; x_wconf 84' lang='lat' dir='ltr'><strong>habet</strong></span> <span class='ocrx_word' id='word_1_33' title='bbox 435 893 574 954; x_wconf 76' lang='lat' dir='ltr'><strong>Isidorus</strong></span> <span class='ocrx_word' id='word_1_34' title='bbox 593 892 804 954; x_wconf 84' lang='lat' dir='ltr'><strong>Characenua</strong></span> <span class='ocrx_word' id='word_1_35' title='bbox 820 911 894 974; x_wconf 84' lang='lat' dir='ltr'><strong>pag.</strong></span> <span class='ocrx_word' id='word_1_36' title='bbox 911 905 943 970; x_wconf 86' lang='lat'><strong>5.</strong></span> <span class='ocrx_word' id='word_1_37' title='bbox 966 893 1106 970; x_wconf 84' lang='lat' dir='ltr'><strong>(Hudl.)</strong></span> <span class='ocrx_word' id='word_1_38' title='bbox 1142 879 1261 954; x_wconf 73' lang='lat' dir='ltr'><strong>Plinius</strong></span> <span class='ocrx_word' id='word_1_39' title='bbox 1277 894 1331 956; x_wconf 77' lang='lat' dir='ltr'><strong>cl.</strong></span> 
     </span>
    </p>
   </div>
   <div class='ocr_carea' id='block_1_3' title="bbox 181 991 1332 1176">
    <p class='ocr_par' dir='ltr' id='par_1_3' title="bbox 181 991 1332 1176">
     <span class='ocr_line' id='line_1_6' title="bbox 181 991 1332 1082; baseline -0.009 -20"><span class='ocrx_word' id='word_1_40' title='bbox 181 1033 186 1042; x_wconf 44' lang='grc' dir='ltr'><em>ι</em></span> <span class='ocrx_word' id='word_1_41' title='bbox 319 995 526 1064; x_wconf 73' lang='grc' dir='ltr'><strong>ΑηηαΙσῙιαν,</strong></span> <span class='ocrx_word' id='word_1_42' title='bbox 561 1013 621 1077; x_wconf 89' lang='lat' dir='ltr'><strong>pro</strong></span> <span class='ocrx_word' id='word_1_43' title='bbox 644 1011 710 1078; x_wconf 92' lang='lat' dir='ltr'><strong>quo</strong></span> <span class='ocrx_word' id='word_1_44' title='bbox 731 991 1027 1082; x_wconf 33' lang='lat' dir='ltr'><strong>tamen&#39;Cellariua</strong></span> <span class='ocrx_word' id='word_1_45' title='bbox 1049 995 1121 1054; x_wconf 89' lang='lat' dir='ltr'><strong>vult</strong></span> <span class='ocrx_word' id='word_1_46' title='bbox 1136 994 1332 1055; x_wconf 80' lang='lat' dir='ltr'><strong>Naarmalcha</strong></span> 
     </span>
     <span class='ocr_line' id='line_1_7' title="bbox 190 1091 1332 1176; baseline -0.005 -17"><span class='ocrx_word' id='word_1_47' title='bbox 190 1123 196 1130; x_wconf 94' lang='lat'><strong>·</strong></span> <span class='ocrx_word' id='word_1_48' title='bbox 279 1117 284 1130; x_wconf 94' lang='lat'>·</span> <span class='ocrx_word' id='word_1_49' title='bbox 302 1093 520 1159; x_wconf 85' lang='lat' dir='ltr'><strong>&#39;adsentiente</strong></span> <span class='ocrx_word' id='word_1_50' title='bbox 535 1096 682 1158; x_wconf 86' lang='lat' dir='ltr'><strong>Gaetano</strong></span> <span class='ocrx_word' id='word_1_51' title='bbox 698 1094 856 1157; x_wconf 83' lang='lat' dir='ltr'><strong>d&#39;Ancora</strong></span> <span class='ocrx_word' id='word_1_52' title='bbox 872 1094 957 1156; x_wconf 87' lang='lat' dir='ltr'><strong>della</strong></span> <span class='ocrx_word' id='word_1_53' title='bbox 981 1093 1154 1157; x_wconf 88' lang='lat' dir='ltr'><strong>economia</strong></span> <span class='ocrx_word' id='word_1_54' title='bbox 1170 1093 1247 1157; x_wconf 74' lang='lat' dir='ltr'><strong>fifioe</strong></span> <span class='ocrx_word' id='word_1_55' title='bbox 1261 1091 1332 1176; x_wconf 80' lang='lat' dir='ltr'><strong>degli</strong></span> 
     </span>
    </p>
   </div>
   <div class='ocr_carea' id='block_1_4' title="bbox 237 1193 1333 4219">
    <p class='ocr_par' dir='ltr' id='par_1_4' title="bbox 318 1193 1333 2091">
     <span class='ocr_line' id='line_1_8' title="bbox 320 1193 1332 1281; baseline -0.007 -20"><span class='ocrx_word' id='word_1_56' title='bbox 320 1195 446 1261; x_wconf 82' lang='lat' dir='ltr'><strong>antichi</strong></span> <span class='ocrx_word' id='word_1_57' title='bbox 465 1231 517 1246; x_wconf 90' lang='lat'><em>-</em></span> <span class='ocrx_word' id='word_1_58' title='bbox 537 1217 606 1281; x_wconf 82' lang='lat' dir='ltr'><strong>cap.</strong></span> <span class='ocrx_word' id='word_1_59' title='bbox 625 1211 657 1276; x_wconf 82' lang='lat'><strong>5.</strong></span> <span class='ocrx_word' id='word_1_60' title='bbox 677 1215 750 1280; x_wconf 84' lang='lat' dir='ltr'><strong>pag.</strong></span> <span class='ocrx_word' id='word_1_61' title='bbox 768 1207 824 1272; x_wconf 80' lang='grc'><strong>87.</strong></span> <span class='ocrx_word' id='word_1_62' title='bbox 883 1197 982 1258; x_wconf 85' lang='lat' dir='ltr'><strong>Plura</strong></span> <span class='ocrx_word' id='word_1_63' title='bbox 1005 1197 1129 1258; x_wconf 87' lang='lat' dir='ltr'><strong>dabunt</strong></span> <span class='ocrx_word' id='word_1_64' title='bbox 1147 1195 1286 1258; x_wconf 85' lang='lat' dir='ltr'><strong>llochart.</strong></span> <span class='ocrx_word' id='word_1_65' title='bbox 1305 1193 1332 1255; x_wconf 91' lang='lat' dir='ltr'><strong>in</strong></span> 
     </span>
     <span class='ocr_line' id='line_1_9' title="bbox 319 1295 1332 1382; baseline -0.006 -20"><span class='ocrx_word' id='word_1_66' title='bbox 319 1301 443 1382; x_wconf 84' lang='lat' dir='ltr'><strong>Phaleg</strong></span> <span class='ocrx_word' id='word_1_67' title='bbox 465 1321 494 1370; x_wconf 85' lang='lat'><strong>1,</strong></span> <span class='ocrx_word' id='word_1_68' title='bbox 520 1309 552 1375; x_wconf 81' lang='lat'><strong>8.</strong></span> <span class='ocrx_word' id='word_1_69' title='bbox 592 1295 752 1360; x_wconf 91' lang='lat' dir='ltr'><strong>Harduin.</strong></span> <span class='ocrx_word' id='word_1_70' title='bbox 779 1297 819 1358; x_wconf 88' lang='lat' dir='ltr'><strong>ad</strong></span> <span class='ocrx_word' id='word_1_71' title='bbox 841 1295 926 1359; x_wconf 93' lang='lat' dir='ltr'><strong>Plin.</strong></span> <span class='ocrx_word' id='word_1_72' title='bbox 952 1319 980 1361; x_wconf 91' lang='lat' dir='ltr'><strong>c.</strong></span> <span class='ocrx_word' id='word_1_73' title='bbox 1006 1301 1028 1361; x_wconf 94' lang='lat' dir='ltr'><strong>l.</strong></span> <span class='ocrx_word' id='word_1_74' title='bbox 1062 1312 1094 1359; x_wconf 92' lang='lat' dir='ltr'><strong>et</strong></span> <span class='ocrx_word' id='word_1_75' title='bbox 1118 1296 1277 1359; x_wconf 79' lang='lat' dir='ltr'><strong>Reimarus</strong></span> <span class='ocrx_word' id='word_1_76' title='bbox 1300 1296 1332 1356; x_wconf 88' lang='lat' dir='ltr'><strong>ad</strong></span> 
     </span>
     <span class='ocr_line' id='line_1_10' title="bbox 318 1395 1330 1477; baseline -0.002 -13"><span class='ocrx_word' id='word_1_77' title='bbox 318 1398 420 1464; x_wconf 92' lang='lat' dir='ltr'><strong>Dion.</strong></span> <span class='ocrx_word' id='word_1_78' title='bbox 447 1401 506 1477; x_wconf 75' lang='lat'><strong>63,</strong></span> <span class='ocrx_word' id='word_1_79' title='bbox 531 1409 587 1476; x_wconf 78' lang='lat' dir='ltr'><strong>ass.</strong></span> <span class='ocrx_word' id='word_1_80' title='bbox 656 1397 765 1461; x_wconf 92' lang='lat' dir='ltr'><strong>Hodie</strong></span> <span class='ocrx_word' id='word_1_81' title='bbox 790 1395 950 1462; x_wconf 65' lang='lat' dir='ltr'><strong>arabibus</strong></span> <span class='ocrx_word' id='word_1_82' title='bbox 977 1400 1074 1462; x_wconf 70' lang='lat' dir='ltr'><strong>Naar</strong></span> <span class='ocrx_word' id='word_1_83' title='bbox 1103 1400 1139 1460; x_wconf 86' lang='lat' dir='ltr'><strong>al</strong></span> <span class='ocrx_word' id='word_1_84' title='bbox 1170 1399 1256 1462; x_wconf 77' lang='lat' dir='ltr'><strong>Mad</strong></span> <span class='ocrx_word' id='word_1_85' title='bbox 1282 1398 1330 1462; x_wconf 90' lang='lat' dir='ltr'><strong>lec.</strong></span> 
     </span>
     <span class='ocr_line' id='line_1_11' title="bbox 319 1499 1331 1585; baseline -0.009 -19"><span class='ocrx_word' id='word_1_86' title='bbox 319 1499 442 1566; x_wconf 81' lang='lat' dir='ltr'><strong>Reitlre</strong></span> <span class='ocrx_word' id='word_1_87' title='bbox 456 1502 497 1562; x_wconf 86' lang='lat' dir='ltr'><strong>ad</strong></span> <span class='ocrx_word' id='word_1_88' title='bbox 518 1501 632 1581; x_wconf 86' lang='lat' dir='ltr'><strong>Polyb.</strong></span> <span class='ocrx_word' id='word_1_89' title='bbox 644 1521 677 1576; x_wconf 79' lang='lat' dir='ltr'><strong>c.</strong></span> <span class='ocrx_word' id='word_1_90' title='bbox 693 1502 714 1564; x_wconf 91' lang='lat' dir='ltr'><strong>l.</strong></span> <span class='ocrx_word' id='word_1_91' title='bbox 748 1499 916 1584; x_wconf 81' lang='lat' dir='ltr'><strong>Bitsching</strong></span> <span class='ocrx_word' id='word_1_92' title='bbox 937 1502 1006 1564; x_wconf 92' lang='lat' dir='ltr'><strong>Vol.</strong></span> <span class='ocrx_word' id='word_1_93' title='bbox 1030 1523 1059 1566; x_wconf 86' lang='lat' dir='ltr'><strong>r.</strong></span> <span class='ocrx_word' id='word_1_94' title='bbox 1081 1523 1114 1585; x_wconf 86' lang='lat' dir='ltr'><strong>p.</strong></span> <span class='ocrx_word' id='word_1_95' title='bbox 1131 1523 1175 1562; x_wconf 90' lang='lat' dir='ltr'><strong>m.</strong></span> <span class='ocrx_word' id='word_1_96' title='bbox 1198 1515 1269 1580; x_wconf 72' lang='lat'><strong>197.</strong></span> <span class='ocrx_word' id='word_1_97' title='bbox 1290 1500 1331 1558; x_wconf 88' lang='lat' dir='ltr'><strong>ba·</strong></span> 
     </span>
     <span class='ocr_line' id='line_1_12' title="bbox 322 1597 1332 1687; baseline -0.009 -20"><span class='ocrx_word' id='word_1_98' title='bbox 322 1606 377 1667; x_wconf 90' lang='lat' dir='ltr'><strong>het</strong></span> <span class='ocrx_word' id='word_1_99' title='bbox 407 1601 532 1666; x_wconf 74' lang='lat' dir='ltr'><strong>Nekrol</strong></span> <span class='ocrx_word' id='word_1_100' title='bbox 564 1601 680 1673; x_wconf 72' lang='lat' dir='ltr'><strong>Melit,</strong></span> <span class='ocrx_word' id='word_1_101' title='bbox 723 1597 861 1687; x_wconf 86' lang='lat' dir='ltr'><strong>eiusque</strong></span> <span class='ocrx_word' id='word_1_102' title='bbox 893 1601 1028 1664; x_wconf 82' lang='lat' dir='ltr'><strong>termini</strong></span> <span class='ocrx_word' id='word_1_103' title='bbox 1060 1617 1228 1686; x_wconf 89' lang='lat' dir='ltr'><strong>ponuntur</strong></span> <span class='ocrx_word' id='word_1_104' title='bbox 1263 1597 1332 1660; x_wconf 82' lang='lat' dir='ltr'><strong>infra</strong></span> 
     </span>
     <span class='ocr_line' id='line_1_13' title="bbox 319 1695 1333 1795; baseline -0.007 -28"><span class='ocrx_word' id='word_1_105' title='bbox 319 1706 419 1768; x_wconf 85' lang='lat' dir='ltr'><strong>urbes</strong></span> <span class='ocrx_word' id='word_1_106' title='bbox 436 1695 551 1795; x_wconf 80' lang='lat' dir='ltr'><strong>Sarsar</strong></span> <span class='ocrx_word' id='word_1_107' title='bbox 568 1718 601 1764; x_wconf 89' lang='lat' dir='ltr'><strong>et</strong></span> <span class='ocrx_word' id='word_1_108' title='bbox 616 1703 763 1766; x_wconf 80' lang='lat' dir='ltr'><strong>Meclain.</strong></span> <span class='ocrx_word' id='word_1_109' title='bbox 801 1705 852 1766; x_wconf 91' lang='lat' dir='ltr'><strong>De</strong></span> <span class='ocrx_word' id='word_1_110' title='bbox 871 1705 949 1778; x_wconf 80' lang='lat' dir='ltr'><strong>filu,</strong></span> <span class='ocrx_word' id='word_1_111' title='bbox 974 1723 1071 1790; x_wconf 90' lang='lat' dir='ltr'><strong>quem</strong></span> <span class='ocrx_word' id='word_1_112' title='bbox 1086 1720 1212 1765; x_wconf 82' lang='lat' dir='ltr'><strong>veteres</strong></span> <span class='ocrx_word' id='word_1_113' title='bbox 1230 1715 1333 1770; x_wconf 71' lang='lat' dir='ltr'><strong>notant,</strong></span> 
     </span>
     <span class='ocr_line' id='line_1_14' title="bbox 320 1797 1333 1889; baseline -0.008 -19"><span class='ocrx_word' id='word_1_114' title='bbox 320 1803 390 1870; x_wconf 83' lang='lat' dir='ltr'><strong>vid.</strong></span> <span class='ocrx_word' id='word_1_115' title='bbox 413 1807 566 1869; x_wconf 86' lang='lat' dir='ltr'><strong>Bochart.</strong></span> <span class='ocrx_word' id='word_1_116' title='bbox 583 1826 610 1868; x_wconf 92' lang='lat' dir='ltr'><strong>c.</strong></span> <span class='ocrx_word' id='word_1_117' title='bbox 632 1807 652 1868; x_wconf 94' lang='lat' dir='ltr'><strong>l.</strong></span> <span class='ocrx_word' id='word_1_118' title='bbox 704 1803 888 1867; x_wconf 90' lang='lat' dir='ltr'><strong>Diductum</strong></span> <span class='ocrx_word' id='word_1_119' title='bbox 910 1825 989 1867; x_wconf 87' lang='lat' dir='ltr'><strong>vero</strong></span> <span class='ocrx_word' id='word_1_120' title='bbox 1010 1805 1201 1889; x_wconf 83' lang='lat' dir='ltr'>Euphraten</span> <span class='ocrx_word' id='word_1_121' title='bbox 1217 1797 1333 1866; x_wconf 80' lang='lat' dir='ltr'><strong>Gobarit</strong></span> 
     </span>
     <span class='ocr_line' id='line_1_15' title="bbox 320 1902 1333 1995; baseline -0.007 -25"><span class='ocrx_word' id='word_1_122' title='bbox 320 1903 478 1995; x_wconf 81' lang='lat' dir='ltr'><strong>praefecti</strong></span> <span class='ocrx_word' id='word_1_123' title='bbox 500 1926 618 1990; x_wconf 84' lang='lat' dir='ltr'><strong>opere,</strong></span> <span class='ocrx_word' id='word_1_124' title='bbox 643 1925 685 1967; x_wconf 90' lang='lat' dir='ltr'><strong>ne</strong></span> <span class='ocrx_word' id='word_1_125' title='bbox 702 1902 875 1992; x_wconf 84' lang='lat' dir='ltr'><strong>praecipiti</strong></span> <span class='ocrx_word' id='word_1_126' title='bbox 891 1905 985 1969; x_wconf 86' lang='lat' dir='ltr'><strong>cursu</strong></span> <span class='ocrx_word' id='word_1_127' title='bbox 1001 1904 1216 1985; x_wconf 82' lang='lat' dir='ltr'><strong>Babyloniam</strong></span> <span class='ocrx_word' id='word_1_128' title='bbox 1230 1903 1333 1966; x_wconf 82' lang='lat' dir='ltr'><strong>inlella·</strong></span> 
     </span>
     <span class='ocr_line' id='line_1_16' title="bbox 318 2001 1333 2091; baseline -0.006 -19"><span class='ocrx_word' id='word_1_129' title='bbox 318 2027 380 2088; x_wconf 85' lang='lat' dir='ltr'><strong>ret,</strong></span> <span class='ocrx_word' id='word_1_130' title='bbox 406 2005 517 2074; x_wconf 82' lang='lat' dir='ltr'><strong>scribit</strong></span> <span class='ocrx_word' id='word_1_131' title='bbox 533 2004 618 2072; x_wconf 88' lang='lat' dir='ltr'><strong>Plin.</strong></span> <span class='ocrx_word' id='word_1_132' title='bbox 636 2028 663 2071; x_wconf 89' lang='lat' dir='ltr'><strong>c.</strong></span> <span class='ocrx_word' id='word_1_133' title='bbox 677 2009 698 2070; x_wconf 92' lang='lat' dir='ltr'><strong>l.</strong></span> <span class='ocrx_word' id='word_1_134' title='bbox 732 2005 908 2085; x_wconf 87' lang='lat' dir='ltr'><strong>Nitocridi,</strong></span> <span class='ocrx_word' id='word_1_135' title='bbox 932 2007 1071 2088; x_wconf 84' lang='lat' dir='ltr'><strong>Affyriae</strong></span> <span class='ocrx_word' id='word_1_136' title='bbox 1084 2004 1229 2091; x_wconf 76' lang='lat' dir='ltr'><strong>reginae,</strong></span> <span class='ocrx_word' id='word_1_137' title='bbox 1248 2004 1279 2067; x_wconf 90' lang='lat' dir='ltr'><strong>id</strong></span> <span class='ocrx_word' id='word_1_138' title='bbox 1291 2001 1333 2067; x_wconf 89' lang='lat' dir='ltr'><strong>tri·</strong></span> 
     </span>
    </p>

    <p class='ocr_par' dir='ltr' id='par_1_5' title="bbox 237 2107 1333 4219">
     <span class='ocr_line' id='line_1_17' title="bbox 287 2107 1332 2194; baseline -0.005 -22"><span class='ocrx_word' id='word_1_139' title='bbox 287 2141 297 2163; x_wconf 72' lang='lat' dir='ltr'><strong>a</strong></span> <span class='ocrx_word' id='word_1_140' title='bbox 319 2107 393 2173; x_wconf 85' lang='lat' dir='ltr'><strong>buit</strong></span> <span class='ocrx_word' id='word_1_141' title='bbox 410 2110 568 2172; x_wconf 88' lang='lat' dir='ltr'><strong>Herodot.</strong></span> <span class='ocrx_word' id='word_1_142' title='bbox 591 2131 620 2182; x_wconf 84' lang='lat'><strong>1,</strong></span> <span class='ocrx_word' id='word_1_143' title='bbox 641 2120 720 2190; x_wconf 76' lang='lat'><strong>135.</strong></span> <span class='ocrx_word' id='word_1_144' title='bbox 759 2110 857 2175; x_wconf 88' lang='lat' dir='ltr'><strong>Certe</strong></span> <span class='ocrx_word' id='word_1_145' title='bbox 872 2109 965 2172; x_wconf 74' lang='lat' dir='ltr'><strong>follae</strong></span> <span class='ocrx_word' id='word_1_146' title='bbox 988 2109 1168 2194; x_wconf 83' lang='lat' dir='ltr'><strong>deprell&#39;rss&#39;e</strong></span> <span class='ocrx_word' id='word_1_147' title='bbox 1188 2107 1272 2192; x_wconf 84' lang='lat' dir='ltr'><strong>supra</strong></span> <span class='ocrx_word' id='word_1_148' title='bbox 1286 2110 1332 2168; x_wconf 86' lang='lat' dir='ltr'><strong>lla·</strong></span> 
     </span>
     <span class='ocr_line' id='line_1_18' title="bbox 237 2195 1332 2295; baseline -0.005 -22"><span class='ocrx_word' id='word_1_149' title='bbox 237 2195 240 2207; x_wconf 47' lang='lat'>¹</span> <span class='ocrx_word' id='word_1_150' title='bbox 318 2213 476 2290; x_wconf 86' lang='lat' dir='ltr'><strong>bylonem</strong></span> <span class='ocrx_word' id='word_1_151' title='bbox 494 2207 593 2283; x_wconf 86' lang='lat' dir='ltr'><strong>dicit,</strong></span> <span class='ocrx_word' id='word_1_152' title='bbox 626 2223 664 2271; x_wconf 88' lang='lat' dir='ltr'><strong>ut</strong></span> <span class='ocrx_word' id='word_1_153' title='bbox 686 2225 786 2274; x_wconf 88' lang='lat' dir='ltr'><strong>tracto</strong></span> <span class='ocrx_word' id='word_1_154' title='bbox 810 2208 938 2295; x_wconf 87' lang='lat' dir='ltr'><strong>impetu</strong></span> <span class='ocrx_word' id='word_1_155' title='bbox 959 2209 1082 2272; x_wconf 79' lang='lat' dir='ltr'><strong>tardior</strong></span> <span class='ocrx_word' id='word_1_156' title='bbox 1103 2226 1227 2272; x_wconf 81' lang='lat' dir='ltr'><strong>mearet</strong></span> <span class='ocrx_word' id='word_1_157' title='bbox 1241 2223 1270 2270; x_wconf 90' lang='lat' dir='ltr'><strong>et</strong></span> <span class='ocrx_word' id='word_1_158' title='bbox 1287 2225 1332 2291; x_wconf 87' lang='lat' dir='ltr'><strong>per</strong></span> 
     </span>
     <span class='ocr_line' id='line_1_19' title="bbox 318 2308 1333 2396; baseline -0.006 -22"><span class='ocrx_word' id='word_1_159' title='bbox 318 2311 432 2376; x_wconf 70' lang='lat' dir='ltr'><strong>flexus.</strong></span> <span class='ocrx_word' id='word_1_160' title='bbox 484 2313 565 2374; x_wconf 89' lang='lat' dir='ltr'><strong>lude</strong></span> <span class='ocrx_word' id='word_1_161' title='bbox 595 2308 729 2396; x_wconf 90' lang='lat' dir='ltr'><strong>quidam</strong></span> <span class='ocrx_word' id='word_1_162' title='bbox 758 2311 886 2378; x_wconf 77' lang='lat' dir='ltr'><strong>Chobar</strong></span> <span class='ocrx_word' id='word_1_163' title='bbox 904 2311 989 2374; x_wconf 87' lang='lat' dir='ltr'><strong>hanc</strong></span> <span class='ocrx_word' id='word_1_164' title='bbox 1013 2311 1121 2372; x_wconf 86' lang='lat' dir='ltr'><strong>foss&#39;am</strong></span> <span class='ocrx_word' id='word_1_165' title='bbox 1146 2308 1210 2373; x_wconf 91' lang='lat' dir='ltr'><strong>dici</strong></span> <span class='ocrx_word' id='word_1_166' title='bbox 1237 2323 1333 2394; x_wconf 87' lang='lat' dir='ltr'><strong>putant</strong></span> 
     </span>
     <span class='ocr_line' id='line_1_20' title="bbox 318 2409 1333 2498; baseline -0.008 -21"><span class='ocrx_word' id='word_1_167' title='bbox 318 2414 408 2498; x_wconf 77' lang='lat' dir='ltr'><strong>apud</strong></span> <span class='ocrx_word' id='word_1_168' title='bbox 427 2409 639 2476; x_wconf 82' lang='lat' dir='ltr'><strong>Ezechielem</strong></span> <span class='ocrx_word' id='word_1_169' title='bbox 661 2437 690 2486; x_wconf 87' lang='lat'><strong>1,</strong></span> <span class='ocrx_word' id='word_1_170' title='bbox 717 2429 749 2494; x_wconf 81' lang='lat'><strong>3.</strong></span> <span class='ocrx_word' id='word_1_171' title='bbox 771 2428 804 2476; x_wconf 86' lang='lat' dir='ltr'><strong>et</strong></span> <span class='ocrx_word' id='word_1_172' title='bbox 826 2410 916 2477; x_wconf 82' lang='lat' dir='ltr'><strong>alibi.</strong></span> <span class='ocrx_word' id='word_1_173' title='bbox 973 2411 1044 2475; x_wconf 83' lang='lat' dir='ltr'><strong>vid.</strong></span> <span class='ocrx_word' id='word_1_174' title='bbox 1067 2413 1219 2476; x_wconf 66' lang='lat' dir='ltr'><strong>Bochait.</strong></span> <span class='ocrx_word' id='word_1_175' title='bbox 1236 2432 1260 2473; x_wconf 92' lang='lat' dir='ltr'><strong>c.</strong></span> <span class='ocrx_word' id='word_1_176' title='bbox 1275 2412 1294 2472; x_wconf 90' lang='lat' dir='ltr'><strong>l.</strong></span> <span class='ocrx_word' id='word_1_177' title='bbox 1308 2423 1333 2470; x_wconf 90' lang='lat' dir='ltr'><strong>et</strong></span> 
     </span>
     <span class='ocr_line' id='line_1_21' title="bbox 317 2508 1332 2598; baseline -0.008 -21"><span class='ocrx_word' id='word_1_178' title='bbox 317 2512 482 2577; x_wconf 88' lang='lat' dir='ltr'><strong>Harduin.</strong></span> <span class='ocrx_word' id='word_1_179' title='bbox 503 2513 545 2574; x_wconf 92' lang='lat' dir='ltr'><strong>ad</strong></span> <span class='ocrx_word' id='word_1_180' title='bbox 560 2510 727 2578; x_wconf 87' lang='lat' dir='ltr'><strong>Plin.c.l.</strong></span> <span class='ocrx_word' id='word_1_181' title='bbox 779 2515 849 2598; x_wconf 80' lang='lat' dir='ltr'><strong>lpse</strong></span> <span class='ocrx_word' id='word_1_182' title='bbox 868 2536 943 2586; x_wconf 86' lang='lat' dir='ltr'><strong>rex,</strong></span> <span class='ocrx_word' id='word_1_183' title='bbox 977 2511 1072 2578; x_wconf 81' lang='lat' dir='ltr'><strong>cuiue</strong></span> <span class='ocrx_word' id='word_1_184' title='bbox 1095 2511 1180 2576; x_wconf 82' lang='lat' dir='ltr'><strong>iullu</strong></span> <span class='ocrx_word' id='word_1_185' title='bbox 1201 2511 1271 2576; x_wconf 83' lang='lat' dir='ltr'><strong>folla</strong></span> <span class='ocrx_word' id='word_1_186' title='bbox 1289 2508 1332 2571; x_wconf 81' lang='lat' dir='ltr'><strong>illa</strong></span> 
     </span>
     <span class='ocr_line' id='line_1_22' title="bbox 317 2610 1332 2700; baseline -0.002 -24"><span class='ocrx_word' id='word_1_187' title='bbox 317 2615 458 2677; x_wconf 88' lang='lat' dir='ltr'><strong>deducta</strong></span> <span class='ocrx_word' id='word_1_188' title='bbox 478 2614 539 2686; x_wconf 82' lang='lat' dir='ltr'><strong>est,</strong></span> <span class='ocrx_word' id='word_1_189' title='bbox 571 2610 636 2676; x_wconf 85' lang='lat' dir='ltr'><strong>fuit</strong></span> <span class='ocrx_word' id='word_1_190' title='bbox 658 2616 815 2679; x_wconf 80' lang='lat' dir='ltr'><strong>Seleucus</strong></span> <span class='ocrx_word' id='word_1_191' title='bbox 831 2615 982 2688; x_wconf 82' lang='lat' dir='ltr'><strong>Nicator,</strong></span> <span class='ocrx_word' id='word_1_192' title='bbox 1009 2615 1199 2700; x_wconf 82' lang='lat' dir='ltr'><strong>factumque</strong></span> <span class='ocrx_word' id='word_1_193' title='bbox 1215 2634 1252 2676; x_wconf 88' lang='lat' dir='ltr'><strong>eo</strong></span> <span class='ocrx_word' id='word_1_194' title='bbox 1272 2629 1332 2674; x_wconf 84' lang='lat' dir='ltr'><strong>um·</strong></span> 
     </span>
     <span class='ocr_line' id='line_1_23' title="bbox 315 2713 1330 2800; baseline -0.003 -23"><span class='ocrx_word' id='word_1_195' title='bbox 315 2735 407 2800; x_wconf 82' lang='lat' dir='ltr'><strong>pore,</strong></span> <span class='ocrx_word' id='word_1_196' title='bbox 431 2734 497 2800; x_wconf 91' lang='lat' dir='ltr'><strong>quo</strong></span> <span class='ocrx_word' id='word_1_197' title='bbox 513 2713 696 2779; x_wconf 86' lang='lat' dir='ltr'><strong>Seleuciam</strong></span> <span class='ocrx_word' id='word_1_198' title='bbox 714 2719 886 2791; x_wconf 89' lang='lat' dir='ltr'><strong>condebat,</strong></span> <span class='ocrx_word' id='word_1_199' title='bbox 907 2733 946 2779; x_wconf 88' lang='lat' dir='ltr'><strong>ut</strong></span> <span class='ocrx_word' id='word_1_200' title='bbox 959 2715 1095 2780; x_wconf 80' lang='lat' dir='ltr'><strong>discitur</strong></span> <span class='ocrx_word' id='word_1_201' title='bbox 1109 2737 1149 2779; x_wconf 90' lang='lat' dir='ltr'><strong>ex</strong></span> <span class='ocrx_word' id='word_1_202' title='bbox 1164 2713 1269 2780; x_wconf 82' lang='lat' dir='ltr'><strong>Plinio</strong></span> <span class='ocrx_word' id='word_1_203' title='bbox 1281 2715 1330 2776; x_wconf 85' lang='lat' dir='ltr'><strong>cl</strong></span> 
     </span>
     <span class='ocr_line' id='line_1_24' title="bbox 315 2815 1331 2897; baseline -0.004 -18"><span class='ocrx_word' id='word_1_204' title='bbox 315 2817 441 2879; x_wconf 74' lang='lat' dir='ltr'><strong>Foliam</strong></span> <span class='ocrx_word' id='word_1_205' title='bbox 453 2815 551 2889; x_wconf 90' lang='lat' dir='ltr'><strong>hanc,</strong></span> <span class='ocrx_word' id='word_1_206' title='bbox 574 2833 613 2879; x_wconf 91' lang='lat' dir='ltr'><strong>ut</strong></span> <span class='ocrx_word' id='word_1_207' title='bbox 625 2834 733 2881; x_wconf 85' lang='lat' dir='ltr'><strong>narrat</strong></span> <span class='ocrx_word' id='word_1_208' title='bbox 745 2816 907 2881; x_wconf 82' lang='lat' dir='ltr'><strong>Ammian.</strong></span> <span class='ocrx_word' id='word_1_209' title='bbox 927 2830 983 2897; x_wconf 72' lang='lat'><strong>24,</strong></span> <span class='ocrx_word' id='word_1_210' title='bbox 1000 2821 1032 2882; x_wconf 83' lang='lat'><strong>6.</strong></span> <span class='ocrx_word' id='word_1_211' title='bbox 1048 2815 1095 2880; x_wconf 90' lang='lat' dir='ltr'><strong>in.</strong></span> <span class='ocrx_word' id='word_1_212' title='bbox 1119 2819 1256 2881; x_wconf 83' lang='lat' dir='ltr'><strong>antehac</strong></span> <span class='ocrx_word' id='word_1_213' title='bbox 1267 2817 1331 2876; x_wconf 87' lang='lat' dir='ltr'><strong>Tra·</strong></span> 
     </span>
     <span class='ocr_line' id='line_1_25' title="bbox 314 2913 1331 3004; baseline -0.003 -24"><span class='ocrx_word' id='word_1_214' title='bbox 314 2915 410 2980; x_wconf 81' lang='lat' dir='ltr'><strong>ianua</strong></span> <span class='ocrx_word' id='word_1_215' title='bbox 434 2913 522 2996; x_wconf 88' lang='lat' dir='ltr'><strong>(vid.</strong></span> <span class='ocrx_word' id='word_1_216' title='bbox 545 2915 611 2978; x_wconf 91' lang='lat' dir='ltr'><strong>Dio</strong></span> <span class='ocrx_word' id='word_1_217' title='bbox 627 2942 654 2983; x_wconf 91' lang='lat' dir='ltr'><strong>c.</strong></span> <span class='ocrx_word' id='word_1_218' title='bbox 677 2923 698 2981; x_wconf 92' lang='lat' dir='ltr'><strong>l.</strong></span> <span class='ocrx_word' id='word_1_219' title='bbox 722 2935 754 2981; x_wconf 90' lang='lat' dir='ltr'><strong>et</strong></span> <span class='ocrx_word' id='word_1_220' title='bbox 776 2917 824 2982; x_wconf 91' lang='lat' dir='ltr'><strong>ibi</strong></span> <span class='ocrx_word' id='word_1_221' title='bbox 844 2915 1035 2998; x_wconf 72' lang='lat' dir='ltr'><strong>Reimarus)</strong></span> <span class='ocrx_word' id='word_1_222' title='bbox 1062 2919 1235 3004; x_wconf 80' lang='lat' dir='ltr'><strong>posteaque</strong></span> <span class='ocrx_word' id='word_1_223' title='bbox 1253 2919 1331 2981; x_wconf 79' lang='lat' dir='ltr'><strong>Sere·</strong></span> 
     </span>
     <span class='ocr_line' id='line_1_26' title="bbox 313 3013 1332 3104; baseline -0.004 -24"><span class='ocrx_word' id='word_1_224' title='bbox 313 3041 387 3096; x_wconf 85' lang='lat' dir='ltr'><strong>tus‚</strong></span> <span class='ocrx_word' id='word_1_225' title='bbox 423 3018 528 3103; x_wconf 87' lang='lat' dir='ltr'><strong>egesto</strong></span> <span class='ocrx_word' id='word_1_226' title='bbox 554 3018 642 3094; x_wconf 83' lang='lat' dir='ltr'><strong>solo,</strong></span> <span class='ocrx_word' id='word_1_227' title='bbox 676 3017 747 3083; x_wconf 86' lang='lat' dir='ltr'><strong>lodi</strong></span> <span class='ocrx_word' id='word_1_228' title='bbox 774 3016 809 3084; x_wconf 90' lang='lat' dir='ltr'><strong>in</strong></span> <span class='ocrx_word' id='word_1_229' title='bbox 843 3021 980 3083; x_wconf 90' lang='lat' dir='ltr'><strong>modum</strong></span> <span class='ocrx_word' id='word_1_230' title='bbox 1013 3018 1135 3084; x_wconf 82' lang='lat' dir='ltr'><strong>canalia</strong></span> <span class='ocrx_word' id='word_1_231' title='bbox 1166 3013 1332 3104; x_wconf 84' lang='lat' dir='ltr'><strong>amplilllmi</strong></span> 
     </span>
     <span class='ocr_line' id='line_1_27' title="bbox 313 3117 1331 3207; baseline -0.003 -25"><span class='ocrx_word' id='word_1_232' title='bbox 313 3117 417 3183; x_wconf 86' lang='lat' dir='ltr'><strong>studio</strong></span> <span class='ocrx_word' id='word_1_233' title='bbox 442 3136 614 3184; x_wconf 76' lang='lat' dir='ltr'><strong>curaverat</strong></span> <span class='ocrx_word' id='word_1_234' title='bbox 633 3122 776 3194; x_wconf 82' lang='lat' dir='ltr'><strong>summo,</strong></span> <span class='ocrx_word' id='word_1_235' title='bbox 792 3189 796 3197; x_wconf 63' lang='grc'>,</span> <span class='ocrx_word' id='word_1_236' title='bbox 811 3137 859 3194; x_wconf 84' lang='lat' dir='ltr'><strong>ut,</strong></span> <span class='ocrx_word' id='word_1_237' title='bbox 890 3119 984 3207; x_wconf 82' lang='lat' dir='ltr'><strong>aquis</strong></span> <span class='ocrx_word' id='word_1_238' title='bbox 1009 3119 1091 3184; x_wconf 89' lang='lat' dir='ltr'><strong>illuc</strong></span> <span class='ocrx_word' id='word_1_239' title='bbox 1115 3123 1155 3183; x_wconf 89' lang='lat' dir='ltr'><strong>ab</strong></span> <span class='ocrx_word' id='word_1_240' title='bbox 1180 3121 1331 3205; x_wconf 82' lang='lat' dir='ltr'><strong>Euphrate</strong></span> 
     </span>
     <span class='ocr_line' id='line_1_28' title="bbox 310 3217 1331 3306; baseline -0.004 -22"><span class='ocrx_word' id='word_1_241' title='bbox 310 3221 492 3295; x_wconf 77' lang='lat' dir='ltr'><strong>transfode,</strong></span> <span class='ocrx_word' id='word_1_242' title='bbox 518 3241 617 3284; x_wconf 81' lang='lat' dir='ltr'><strong>naves</strong></span> <span class='ocrx_word' id='word_1_243' title='bbox 635 3222 676 3283; x_wconf 84' lang='lat' dir='ltr'><strong>ad</strong></span> <span class='ocrx_word' id='word_1_244' title='bbox 691 3220 862 3306; x_wconf 84' lang='lat' dir='ltr'><strong>Tigridem</strong></span> <span class='ocrx_word' id='word_1_245' title='bbox 886 3221 1152 3306; x_wconf 81' lang='lat' dir='ltr'><strong>commigrarent.</strong></span> <span class='ocrx_word' id='word_1_246' title='bbox 1191 3217 1331 3306; x_wconf 84' lang='lat' dir='ltr'><strong>Purgarit</strong></span> 
     </span>
     <span class='ocr_line' id='line_1_29' title="bbox 311 3319 1330 3409; baseline -0.003 -23"><span class='ocrx_word' id='word_1_247' title='bbox 311 3337 390 3386; x_wconf 86' lang='lat' dir='ltr'><strong>tunc</strong></span> <span class='ocrx_word' id='word_1_248' title='bbox 423 3319 553 3385; x_wconf 85' lang='lat' dir='ltr'><strong>aridum</strong></span> <span class='ocrx_word' id='word_1_249' title='bbox 586 3321 751 3394; x_wconf 84' lang='lat' dir='ltr'><strong>Iulianus,</strong></span> <span class='ocrx_word' id='word_1_250' title='bbox 790 3345 867 3386; x_wconf 89' lang='lat' dir='ltr'><strong>cum</strong></span> <span class='ocrx_word' id='word_1_251' title='bbox 899 3319 936 3386; x_wconf 91' lang='lat' dir='ltr'><strong>iu</strong></span> <span class='ocrx_word' id='word_1_252' title='bbox 962 3325 1071 3387; x_wconf 83' lang='lat' dir='ltr'><strong>Persas</strong></span> <span class='ocrx_word' id='word_1_253' title='bbox 1098 3321 1330 3409; x_wconf 83' lang='lat' dir='ltr'><strong>expeditionem</strong></span> 
     </span>
     <span class='ocr_line' id='line_1_30' title="bbox 309 3421 1328 3507; baseline -0.003 -22"><span class='ocrx_word' id='word_1_254' title='bbox 309 3421 500 3507; x_wconf 84' lang='lat' dir='ltr'><strong>luscepiffet.</strong></span> <span class='ocrx_word' id='word_1_255' title='bbox 543 3422 614 3505; x_wconf 84' lang='lat' dir='ltr'><strong>(cf.</strong></span> <span class='ocrx_word' id='word_1_256' title='bbox 642 3422 802 3488; x_wconf 81' lang='lat' dir='ltr'><strong>Libaniue</strong></span> <span class='ocrx_word' id='word_1_257' title='bbox 829 3423 864 3486; x_wconf 93' lang='lat' dir='ltr'><strong>in</strong></span> <span class='ocrx_word' id='word_1_258' title='bbox 891 3441 971 3488; x_wconf 88' lang='lat' dir='ltr'><strong>orat.</strong></span> <span class='ocrx_word' id='word_1_259' title='bbox 999 3423 1131 3488; x_wconf 89' lang='lat' dir='ltr'><strong>funebri</strong></span> <span class='ocrx_word' id='word_1_260' title='bbox 1164 3423 1201 3487; x_wconf 90' lang='lat' dir='ltr'><strong>in</strong></span> <span class='ocrx_word' id='word_1_261' title='bbox 1228 3421 1328 3488; x_wconf 86' lang='lat' dir='ltr'><strong>Iulian.</strong></span> 
     </span>
     <span class='ocr_line' id='line_1_31' title="bbox 308 3522 1328 3612; baseline -0.005 -24"><span class='ocrx_word' id='word_1_262' title='bbox 308 3545 341 3610; x_wconf 87' lang='lat' dir='ltr'><strong>p.</strong></span> <span class='ocrx_word' id='word_1_263' title='bbox 359 3526 443 3606; x_wconf 76' lang='lat'><strong>604.</strong></span> <span class='ocrx_word' id='word_1_264' title='bbox 467 3524 517 3588; x_wconf 87' lang='lat' dir='ltr'><strong>ed.</strong></span> <span class='ocrx_word' id='word_1_265' title='bbox 540 3522 670 3606; x_wconf 81' lang='lat' dir='ltr'><strong>Reiak.)</strong></span> <span class='ocrx_word' id='word_1_266' title='bbox 706 3527 853 3588; x_wconf 78' lang='lat' dir='ltr'><strong>Eartdem</strong></span> <span class='ocrx_word' id='word_1_267' title='bbox 877 3524 977 3590; x_wconf 89' lang='lat' dir='ltr'><strong>etiam</strong></span> <span class='ocrx_word' id='word_1_268' title='bbox 996 3527 1065 3612; x_wconf 83' lang='lat' dir='ltr'><strong>poll</strong></span> <span class='ocrx_word' id='word_1_269' title='bbox 1086 3527 1228 3589; x_wconf 82' lang='lat' dir='ltr'><strong>manfiffe</strong></span> <span class='ocrx_word' id='word_1_270' title='bbox 1248 3541 1328 3588; x_wconf 85' lang='lat' dir='ltr'><strong>neca</strong></span> 
     </span>
     <span class='ocr_line' id='line_1_32' title="bbox 307 3625 1328 3712; baseline -0.002 -24"><span class='ocrx_word' id='word_1_271' title='bbox 307 3626 408 3688; x_wconf 82' lang='lat' dir='ltr'><strong>Perlis</strong></span> <span class='ocrx_word' id='word_1_272' title='bbox 431 3625 600 3698; x_wconf 87' lang='lat' dir='ltr'><strong>obrutam,</strong></span> <span class='ocrx_word' id='word_1_273' title='bbox 635 3627 766 3689; x_wconf 78' lang='lat' dir='ltr'><strong>testatur</strong></span> <span class='ocrx_word' id='word_1_274' title='bbox 787 3629 1054 3712; x_wconf 87' lang='lat' dir='ltr'><strong>Theophylactus</strong></span> <span class='ocrx_word' id='word_1_275' title='bbox 1076 3639 1110 3706; x_wconf 86' lang='lat'><strong>5,</strong></span> <span class='ocrx_word' id='word_1_276' title='bbox 1135 3631 1167 3692; x_wconf 87' lang='lat'><strong>6.</strong></span> <span class='ocrx_word' id='word_1_277' title='bbox 1219 3627 1328 3690; x_wconf 84' lang='lat' dir='ltr'><strong>Foliam</strong></span> 
     </span>
     <span class='ocr_line' id='line_1_33' title="bbox 308 3724 1327 3814; baseline -0.001 -25"><span class='ocrx_word' id='word_1_278' title='bbox 308 3741 418 3789; x_wconf 83' lang='lat' dir='ltr'><strong>temen</strong></span> <span class='ocrx_word' id='word_1_279' title='bbox 435 3748 507 3790; x_wconf 86' lang='lat' dir='ltr'><strong>earu</strong></span> <span class='ocrx_word' id='word_1_280' title='bbox 528 3724 654 3812; x_wconf 88' lang='lat' dir='ltr'><strong>regiam</strong></span> <span class='ocrx_word' id='word_1_281' title='bbox 670 3725 828 3814; x_wconf 87' lang='lat' dir='ltr'><strong>intelligit</strong></span> <span class='ocrx_word' id='word_1_282' title='bbox 849 3729 1062 3812; x_wconf 89' lang='lat' dir='ltr'><strong>Oudendorp.</strong></span> <span class='ocrx_word' id='word_1_283' title='bbox 1084 3729 1126 3789; x_wconf 90' lang='lat' dir='ltr'><strong>ad</strong></span> <span class='ocrx_word' id='word_1_284' title='bbox 1143 3729 1167 3790; x_wconf 90' lang='lat' dir='ltr'>F</span> <span class='ocrx_word' id='word_1_285' title='bbox 1169 3725 1286 3791; x_wconf 89' lang='lat' dir='ltr'><strong>rontin.</strong></span> <span class='ocrx_word' id='word_1_286' title='bbox 1301 3739 1327 3806; x_wconf 81' lang='lat'><strong>5,</strong></span> 
     </span>
     <span class='ocr_line' id='line_1_34' title="bbox 309 3825 1327 3916; baseline -0.003 -27"><span class='ocrx_word' id='word_1_287' title='bbox 309 3843 341 3904; x_wconf 82' lang='lat'><strong>7,</strong></span> <span class='ocrx_word' id='word_1_288' title='bbox 368 3838 402 3906; x_wconf 75' lang='grc'><strong>4.</strong></span> <span class='ocrx_word' id='word_1_289' title='bbox 430 3828 471 3889; x_wconf 88' lang='lat' dir='ltr'><strong>de</strong></span> <span class='ocrx_word' id='word_1_290' title='bbox 501 3849 539 3891; x_wconf 88' lang='lat' dir='ltr'><strong>eo</strong></span> <span class='ocrx_word' id='word_1_291' title='bbox 567 3832 679 3902; x_wconf 82' lang='lat' dir='ltr'><strong>alveo,</strong></span> <span class='ocrx_word' id='word_1_292' title='bbox 717 3851 784 3916; x_wconf 91' lang='lat' dir='ltr'><strong>quo</strong></span> <span class='ocrx_word' id='word_1_293' title='bbox 819 3828 854 3890; x_wconf 92' lang='lat' dir='ltr'><strong>in</strong></span> <span class='ocrx_word' id='word_1_294' title='bbox 884 3827 1131 3913; x_wconf 86' lang='lat' dir='ltr'><strong>obpugnatione</strong></span> <span class='ocrx_word' id='word_1_295' title='bbox 1164 3825 1327 3910; x_wconf 75' lang='lat' dir='ltr'><strong>Babylonis</strong></span> 
     </span>
     <span class='ocr_line' id='line_1_35' title="bbox 304 3927 1325 4016; baseline -0.002 -26"><span class='ocrx_word' id='word_1_296' title='bbox 304 3927 496 4012; x_wconf 85' lang='lat' dir='ltr'><strong>Euphraten</strong></span> <span class='ocrx_word' id='word_1_297' title='bbox 512 3927 692 4004; x_wconf 85' lang='lat' dir='ltr'><strong>derivavit,</strong></span> <span class='ocrx_word' id='word_1_298' title='bbox 719 3929 776 4016; x_wconf 88' lang='lat' dir='ltr'><strong>qui</strong></span> <span class='ocrx_word' id='word_1_299' title='bbox 796 3950 876 3992; x_wconf 88' lang='lat' dir='ltr'><strong>vero</strong></span> <span class='ocrx_word' id='word_1_300' title='bbox 894 3929 958 3992; x_wconf 85' lang='lat' dir='ltr'><strong>luit</strong></span> <span class='ocrx_word' id='word_1_301' title='bbox 978 3929 1114 4015; x_wconf 84' lang='lat' dir='ltr'><strong>propius</strong></span> <span class='ocrx_word' id='word_1_302' title='bbox 1128 3932 1325 4010; x_wconf 85' lang='lat' dir='ltr'><strong>Babylonem.</strong></span> 
     </span>
     <span class='ocr_line' id='line_1_36' title="bbox 305 4029 1324 4116; baseline 0.001 -27"><span class='ocrx_word' id='word_1_303' title='bbox 305 4029 520 4108; x_wconf 71' lang='lat' dir='ltr'><strong>(Herodoti,</strong></span> <span class='ocrx_word' id='word_1_304' title='bbox 535 4037 628 4113; x_wconf 87' lang='lat'>¹9¹·)</span> <span class='ocrx_word' id='word_1_305' title='bbox 661 4033 785 4095; x_wconf 76' lang='lat' dir='ltr'><strong>Multos</strong></span> <span class='ocrx_word' id='word_1_306' title='bbox 799 4047 966 4116; x_wconf 88' lang='lat' dir='ltr'><strong>praeterea</strong></span> <span class='ocrx_word' id='word_1_307' title='bbox 982 4033 1092 4093; x_wconf 75' lang='lat' dir='ltr'><strong>alveos</strong></span> <span class='ocrx_word' id='word_1_308' title='bbox 1110 4051 1148 4093; x_wconf 84' lang='lat' dir='ltr'><strong>ex</strong></span> <span class='ocrx_word' id='word_1_309' title='bbox 1160 4033 1324 4115; x_wconf 81' lang='lat' dir='ltr'><strong>Euphrate,</strong></span> 
     </span>
     <span class='ocr_line' id='line_1_37' title="bbox 304 4127 1325 4219; baseline 0.002 -29"><span class='ocrx_word' id='word_1_310' title='bbox 304 4147 370 4215; x_wconf 87' lang='lat' dir='ltr'><strong>quo</strong></span> <span class='ocrx_word' id='word_1_311' title='bbox 387 4127 431 4194; x_wconf 83' lang='lat' dir='ltr'><strong>est</strong></span> <span class='ocrx_word' id='word_1_312' title='bbox 446 4129 623 4208; x_wconf 87' lang='lat' dir='ltr'><strong>humilior,</strong></span> <span class='ocrx_word' id='word_1_313' title='bbox 650 4131 779 4218; x_wconf 84' lang='lat' dir='ltr'><strong>Tigrim</strong></span> <span class='ocrx_word' id='word_1_314' title='bbox 796 4129 944 4219; x_wconf 83' lang='lat' dir='ltr'><strong>recipere</strong></span> <span class='ocrx_word' id='word_1_315' title='bbox 960 4131 1111 4200; x_wconf 86' lang='lat' dir='ltr'><strong>adfirmat</strong></span> <span class='ocrx_word' id='word_1_316' title='bbox 1128 4128 1325 4198; x_wconf 79' lang='lat' dir='ltr'><strong>Arrianuade</strong></span> 
     </span>
    </p>
   </div>
   <div class='ocr_carea' id='block_1_5' title="bbox 0 0 1378 4894">
    <p class='ocr_par' dir='ltr' id='par_1_6' title="bbox 0 0 1378 4894">
     <span class='ocr_line' id='line_1_38' title="bbox 0 0 1378 4894; baseline 0 2"><span class='ocrx_word' id='word_1_317' title='bbox 0 0 1378 4894; x_wconf 95' lang='lat' dir='ltr'><strong> </strong></span> 
     </span>
    </p>
   </div>
  </div>
 </body>
</html>
