2746 4894
279 415 345 500 360
551 415 711 479 morta
751 415 1053 478 excoriarem

279 593 458 682 Aegyptiia.
477 593 491 672 <
498 591 611 658 Cicero
635 591 677 656 de
698 605 763 657 nat.
783 595 882 656 Deor.
903 611 933 666 t.
952 593 1012 674 56.
1035 591 1195 658 Herodor.
1214 611 1246 666 9,
1262 597 1317 673 65.

282 705 342 776 75.
359 697 494 780 aliique)
520 714 618 778 quare
639 696 736 757 etiam
759 697 828 760 ibee
846 694 915 758 luae
937 709 1047 758 contra
1066 694 1319 778 serpentum'ad·

280 813 419 862 ventum
434 796 636 860 invocabant.
665 799 842 874 (Plin.1o.
859 806 920 878 4ο.
933 797 954 860 l.
965 801 1046 876 95.)
1086 799 1145 861 Uti
1161 817 1239 862 vero
1256 796 1319 862 luoe

280 899 441 963 habebant
461 898 597 984 singulae
611 898 724 962 bestiae
738 902 835 970 Deoe,
851 899 966 982 quibua
981 902 1100 962 dicatae
1118 915 1219 972 erant.
1243 900 1320 983 (lle-

280 1003 388 1066 rodot.
401 1017 435 1073 9,
446 999 521 1084 65.)
546 1003 590 1063 ita
603 1000 703 1062 Tlreut
716 1021 825 1064 earum
836 999 896 1063 fuit
905 1003 1002 1073 Daue,
1017 1003 1105 1084 quod
1120 1017 1226 1066 narrat
1237 1003 1318 1066 Plato

280 1103 474 1166 lnPhaedro
489 1123 521 1186 p.
538 1117 622 1184 579.
640 1101 773 1186 Bipont.
802 1103 858 1165 etsi
873 1103 998 1168 Aelian.
1009 1104 1051 1164 H.
1061 1104 1128 1168 An.
1146 1122 1181 1175 9.
1199 1117 1255 1182 38.
1271 1105 1320 1167 ha·

280 1205 338 1270 bet
352 1205 489 1276 Lartem,
505 1207 595 1270 cuiue
607 1219 640 1267 et
655 1204 776 1267 causam
794 1204 929 1270 subiicit.
957 1207 1066 1268 Lunae
1080 1203 1171 1268 sciffo
1186 1205 1319 1291 effigiem

279 1309 411 1372 tradunt
433 1306 624 1371 Plutarchus
639 1307 679 1368 de
698 1307 779 1372 llide
799 1327 869 1392 pag.
885 1319 972 1390 499.
994 1305 1088 1393 (Vol.
1107 1323 1142 1384 7.
1162 1307 1267 1391 Lipl.)
1289 1321 1319 1369 et

281 1411 435 1476 Clemene
450 1409 544 1474 Alex.
560 1409 681 1472 Strom.
697 1419 729 1486 5.
747 1430 779 1492 p.
798 1411 882 1486 567.
934 1409 988 1472 Ab
1005 1429 1040 1470 ea
1061 1410 1232 1489 clyllerum
1253 1408 1319 1471 utu·

281 1513 321 1576 ad
345 1511 528 1596 Aegyptios
555 1509 723 1573 tranalatue
745 1509 806 1572 elle
831 1511 957 1580 dicitur,
989 1513 1076 1592 quod
1101 1513 1223 1597 ingeila
1247 1529 1320 1592 aqua

280 1614 390 1676 alvum
416 1625 541 1697 purgat.
574 1613 643 1675 vid.
672 1609 797 1674 Pliniue
819 1621 852 1688 6.
874 1611 972 1690 lehi.
992 1627 1050 1689 97.
1094 1611 1259 1678 Plutarch.
1284 1615 1320 1675 cle

182 1770 186 1778 ,
281 1715 363 1779 lfide
379 1732 405 1776 c.
423 1713 445 1776 l.
472 1715 559 1775 idem
584 1715 625 1776 de
647 1711 771 1776 solertia
792 1715 919 1776 animal.
936 1733 967 1796 p.
983 1733 1026 1776 m.
1045 1727 1103 1792 57.
1133 1715 1259 1780 Aelian.
1280 1715 1319 1778 ll.

281 1817 348 1883 An.
366 1831 398 1886 9,
417 1827 475 1893 55.
503 1813 598 1880 Phile
614 1815 654 1877 de
670 1817 823 1900 propriet.
843 1815 970 1878 animal.
987 1835 1053 1899 cap.
1076 1828 1133 1893 15.
1175 1818 1247 1878 vio.
1263 1815 1320 1876 Sal·

280 1919 418 2004 vagniua
439 1918 477 1978 ad
493 1917 606 1980 Ovidii
629 1916 701 1978 lbin
715 1939 748 1980 v.
765 1925 851 2002 459.
903 1917 1002 1979 Ibidis
1018 1921 1153 1980 nomine
1171 1916 1320 2000 scripserat

280 2019 497 2086 Callimachus
519 2039 646 2082 carmen
667 2021 701 2080 in
718 2018 933 2103 Apollonium
951 2020 1116 2082 Rhodium
1138 2019 1215 2082 teile
1231 2021 1319 2083 Suidr

281 2120 304 2186 i.
322 2141 356 2186 v.
371 2116 612 2212 Καλλίμαχος.
632 2122 725 2203 quale
739 2121 835 2183 exstat
850 2121 1171 2184 etiamnuncOvidio
1188 2139 1318 2191 auctore,

281 2225 324 2288 de
348 2227 441 2287 cuiue
467 2224 687 2306 adpellationia
707 2223 808 2308 'mulie
833 2224 921 2307 plura
951 2220 1052 2286 adfert
1078 2225 1269 2308 Salvagrriua
1288 2225 1318 2284 in

280 2327 522 2412 prolegomenis
539 2327 571 2387 io
590 2325 663 2387 lbin
678 2345 744 2408 cap.
766 2337 799 2402 5.
851 2325 958 2389 Aliam
974 2324 1027 2386 hic
1045 2326 1183 2407 protulit
1206 2326 1231 2386 l.
1249 2326 1318 2388 Gro-

280 2433 400 2492 norim
414 2427 485 2490 MS.
501 2429 534 2488 in
549 2440 636 2497 nota.
660 2447 756 2509 qnam
771 2425 866 2490 lolam
881 2425 1044 2488 addiderat
1056 2427 1146 2490 locor
1175 2427 1320 2510 Spurium

282 2549 387 2620 genua
408 2531 537 2602 avium,
570 2543 605 2592 et
624 2529 708 2591 haud
727 2528 825 2590 dubie
840 2528 933 2590 inllar
951 2529 1091 2591 ciconiae
1107 2527 1238 2590 solitum
1260 2547 1317 2588 cre·

281 2633 383 2718 pltare
397 2629 520 2700 rollrie,
546 2631 634 2692 unde
650 2649 686 2692 ee
703 2649 767 2692 vox
784 2647 841 2714 pro
860 2631 1089 2696 calumniatore
1103 2629 1252 2715 usurpata
1270 2625 1316 2700 et,

281 2751 349 2818 quo
365 2729 456 2794 [enin
469 2730 587 2815 [criplit
600 2731 741 2795 Ovidiue
754 2751 881 2794 carmen
895 2731 931 2794 in
944 2731 1029 2796 tbtn.

359 2933 519 3020 agmine
526 2934 545 3017 )
587 2922 776 3001 Plenio'rem
798 2933 874 2998 iacit
892 2935 1089 2998 locutionem
1106 2955 1123 2998 a
1138 2935 1225 2998 bello
1246 2935 1318 3018 peti·

281 3049 362 3103 tm.
401 3040 455 3102 Sic
471 3027 590 3130 infesto
611 3040 735 3120 agmine
759 3035 858 3121 saepe.
901 3039 948 3098 lta
971 3038 1112 3119 excipere
1134 3036 1269 3100 verbum
1286 3037 1317 3098 io

282 3139 370 3206 tello
387 3138 569 3223 usurpatum
584 3139 625 3200 de
645 3140 798 3210 adventu,
822 3141 956 3222 impetu,
984 3140 1018 3200 in
1036 3137 1158 3202 inlidiia
1174 3139 1316 3200 maxime.

285 3244 339 3306 sie
361 3242 500 3324 excipere
516 3238 593 3302 bello
614 3241 723 3303 lustin.
744 3257 775 3311 9,
790 3251 822 3318 5.
837 3241 883 3303 in.
901 3254 934 3304 et
952 3239 1038 3312 alibi,
1066 3241 1138 3303 Liv.
1157 3254 1190 3319 5,
1208 3257 1264 3317 70,
1282 3249 1315 3319 4.

283 3344 431 3410 Frontin.
452 3357 486 3414 9.
510 3353 544 3420 5.
570 3355 628 3422 5ο.
680 3343 754 3406 vid:
774 3342 919 3406 Gronov.
944 3343 983 3404 ad
1004 3341 1112 3404 lustin.
1132 3359 1191 3414 99,
1211 3353 1243 3422 8.
1265 3359 1315 3404 ιο.

283 3445 437 3510 Oudend.
457 3444 497 3506 ad
522 3442 609 3507 Cael.
627 3443 667 3506 de
686 3445 724 3508 Β.
748 3445 787 3507 G.
810 3464 840 3517 t,
861 3455 921 3523 95.
963 3443 1127 3508 Drakenb.
1144 3445 1183 3506 ad
1202 3446 1270 3507 Liv.
1283 3451 1313 3520 5,

283 3557 344 3631 ίμ,
365 3547 399 3612 6.
426 3565 506 3629 quoe
522 3547 628 3608 laudat
643 3545 792 3610 Garaton.
808 3547 846 3608 ad
866 3545 973 3611 Cicer.
991 3565 1050 3630 pro
1069 3547 1180 3608 Flacco
1200 3565 1264 3629 cap.
1282 3559 1311 3608 9.

283 3651 380 3716 Adde
395 3649 541 3712 Gronov.
564 3661 598 3708 et
616 3647 780 3710 Drakenb.
799 3650 840 3710 ad
861 3650 933 3713 Liv.
949 3659 1008 3729 4ο,
1025 3649 1058 3718 6,
1073 3657 1108 3727 4.
1132 3661 1164 3710 et
1179 3647 1311 3710 Tennul.

282 3752 323 3814 ad
340 3751 487 3814 Frontin.
508 3769 537 3822 ι.
557 3759 590 3827 8,
607 3767 642 3830 9.
669 3750 725 3813 ubi
748 3751 844 3831 etiam
863 3751 956 3813 docet
971 3750 1152 3811 venationis
1172 3748 1231 3812 elle
1251 3767 1312 3828 ver·

283 3851 393 3926 bum.
416 3853 539 3935 dequo
561 3850 619 3912 talu
639 3865 761 3936 praeter
782 3852 859 3915 alios
880 3853 1068 3936 interpreter
1086 3851 1198 3912 Valerii
1220 3847 1311 3913 Flacci

284 3953 325 4015 ad
339 3955 374 4026 6.
390 3964 476 4035 499.
512 3955 565 4018 Sic
580 3949 720 4042 δέχομαι
738 3955 870 4018 Homer.
889 3954 927 4018 ΙΙ.
944 3968 976 4033 5.
993 3967 1078 4034 955.
1108 3969 1162 4024 aa,
1186 3961 1261 4032 147.
1276 3949 1311 4012 de

283 4055 437 4120 irruente.
470 4055 536 4123 Pro
551 4047 702 4148 adversus
717 4055 791 4118 alibi
809 4055 848 4118 fic
863 4047 1007 4150 infestus.
1043 4057 1114 4118 vid.
1131 4055 1170 4118 ad
1184 4071 1218 4136 9,
1236 4061 1308 4130 1,5.

285 4155 337 4222 De
361 4172 396 4224 re
418 4169 528 4224 autem
553 4157 668 4226 Noster
687 4159 829 4224 reddidit
854 4156 1059 4224 Herodotum
1078 4175 1111 4233 9,
1132 4169 1191 4238 75.
1215 4149 1309 4242 λόγος
