2696 4896
22 419 24 496 t
143 418 343 479 maone.
371 417 478 476 nrt-tt.
519 417 554 474 r..
577 419 627 474 111.
671 417 777 478 c.v1·
818 419 897 489 sn
971 429 1029 490 ι77

22 515 23 544 p
217 507 222 519 .

22 606 163 686 ”peteteret
180 591 335 656 Hannibal
350 613 368 657 a
381 591 477 656 Livio
495 611 552 662 ot.
576 609 635 672 ar,
659 609 693 672 9.
718 607 751 654 et
770 591 850 656 Silio
868 593 977 656 italico
996 607 1028 674 3,

22 697 118 778 ³14sq.
151 695 234 758 Adiri
254 693 354 776 potest
368 694 415 756 Io.
430 693 566 777 Baptista
582 694 762 764 Suareziua‚
786 696 839 775 qui
855 693 910 758 lib.
927 710 961 774 3.
977 715 1029 756 an·

37 801 115 880 tiquit.
135 796 304 858 Gaditanar.
326 793 423 867 sacra,
449 798 635 858 cerimonias
651 809 683 860 et
705 796 894 880 dignitatem
918 798 1029 878 templi

38 900 82 962 irie
95 899 248 960 enarravit.
275 895 328 960 cf.
341 912 375 959 et
393 897 530 958 Bochart
550 899 582 958 in
598 897 749 962 Chanaan
771 918 799 966 t.
818 907 875 978 54.
910 897 1030 961 Contra

22 1002 129 1084 pins,
149 997 310 1060 Macrobio
330 999 455 1060 Saturn.
479 1021 507 1067 1,
527 1015 586 1062 on.
610 997 700 1068 tesia.
726 998 893 1080 aliqnando
915 1000 1032 1060 adoriri

38 1115 138 1164 tonatur
161 1111 237 1168 erat.
268 1098 420 1169 Theron.
452 1119 507 1160 rex
533 1097 699 1181 Hispaniae
721 1099 893 1170 citeriorie.
919 1121 1036 1186 gravet.

37 1221 88 1265 rom
101 1201 274 1262 exercitaret
290 1199 377 1262 classe
392 1219 511 1282 poenas
529 1202 614 1265 tulit.

88 1402 267 1466 Herculis
275 1399 294 1482 )
344 1403 455 1467 Plurea
481 1404 616 1467 omnino
643 1405 812 1468 Herculem
837 1425 1032 1468 commemo·

38 1517 96 1569 ant.
127 1507 165 1566 At
179 1504 383 1566 Philostratue
399 1525 425 1568 c.
441 1505 462 1568 l.
481 1507 651 1568 Herculem
667 1509 853 1588 Aegyptium
868 1520 901 1569 et
920 1505 1034 1568 Theba·

39 1627 90 1668 eam
113 1605 153 1666 ibi
184 1607 306 1666 coitum
341 1603 429 1668 suisse
462 1605 577 1669 scribit.
629 1608 808 1670 Ensiathiue
835 1609 874 1670 ari
902 1607 1033 1686 Dionys.

41 1728 63 1768 t.
74 1719 143 1791 451.
164 1707 255 1777 dicit,
281 1719 337 1766 aot
363 1704 559 1778 Theborttrm,
585 1723 639 1771 aut
657 1709 873 1779 Phoenicium,
900 1722 955 1770 aut
978 1709 1037 1790 Ty-

40 1810 103 1874 rinn.
138 1808 287 1886 Tyrium.
314 1827 382 1870 non
398 1807 591 1872 Thebanum
610 1808 659 1872 sua
676 1823 776 1872 aetate
791 1830 869 1871 eum
890 1809 1038 1876 habitum

40 1907 102 1970 saissa
119 1909 255 1971 adfirmat
270 1909 435 1992 Appianue
450 1912 484 1972 in
502 1909 629 1992 Hispan.
647 1931 713 1994 cap.
733 1927 766 1974 o.
819 1909 933 1972 Causas
950 1911 1037 1972 dedi·

39 2011 81 2070 orti
100 2010 200 2092 templi
225 2023 459 2074 commemorat
485 2011 690 2076 Philostratus
712 2013 783 2076 haer
825 2010 973 2073 Thebano
996 2012 1039 2074 ob

39 2110 129 2174 abactae
151 2111 310 2190 Geryonia
342 2111 457 2182 borea.
496 2115 651 2195 Aegyptio
690 2113 733 2176 ob
768 2112 967 2195 sapientiam.
1006 2126 1040 2175 et

41 2213 100 2292 qood
113 2227 208 2274 totum
224 2213 338 2274 orbem
354 2215 393 2274 ad
407 2215 537 2274 ultimoa
555 2229 704 2276 terrarum
722 2217 800 2276 siner
814 2213 975 2276 riinrensur
993 2212 1039 2278 stt.

41 2313 152 2374 Potiorea
165 2315 266 2398 igitur
284 2328 315 2374 et
329 2315 434 2396 plures
447 2313 649 2377 consentiunt
666 2319 698 2377 in
710 2317 809 2394 Tyrio
823 2329 855 2376 et
870 2315 1039 2398 Aegyptio.
1127 2295 1130 2306 ⁸

41 2415 179 2498 Aegyptioe
202 2415 376 2476 Herouiem
399 2415 541 2485 tosuisse.
578 2418 731 2494 idoneum
754 2417 863 2478 tesiam
887 2415 1043 2478 habemur

42 2514 132 2578 Herod.
149 2531 179 2586 o,
195 2526 258 2595 43.
300 2519 351 2578 De
365 2518 469 2594 Tyriia
484 2517 578 2578 musti
599 2519 777 2580 adfirmant.
817 2515 1042 2580 Cs.Herodot.

42 2624 124 2698 nno.
146 2618 258 2680 Strabo
273 2617 327 2681 16.
344 2617 500 2698 p.5or.s.
513 2629 595 2696 757.
623 2618 753 2682 Curtios
768 2627 803 2697 4,
820 2633 852 2688 2,
870 2630 902 2695 5.
924 2620 1043 2682 Arriam

22 2741 23 2756 ¹
43 2715 69 2776 it
80 2737 139 2799 exp.
153 2719 242 2783 Alex.
255 2734 288 2789 o.
309 2720 363 2782 16.
390 2718 558 2781 Heliodor.
574 2721 608 2780 in
626 2721 774 2803 Aethiop.
789 2733 822 2799 o.
845 2719 900 2782 16.
916 2740 946 2800 p.
963 2737 1044 2798 199·

44 2815 127 2880 Cicero
140 2819 177 2880 de
191 2833 257 2882 nat.
278 2821 376 2882 Deor.
393 2833 425 2898 3.
445 2821 501 2884 16.
535 2821 680 2882 Macrob.
696 2821 853 2884 Saturitas.
871 2841 899 2890 ι,
917 2835 975 2882 oo.
994 2851 1046 2870 -·

44 2917 99 2980 Uter
108 2922 242 3006 intelligi
259 2919 389 2992 debeat,
421 2939 493 2980 curn
510 2921 705 3004 Aegyptium
721 2920 832 2984 diserte
851 2938 1046 2982 commemo·

43 3023 130 3082 raverit
143 3021 245 3094 Mela,
272 3023 335 3082 iam
354 3022 524 3102 quaeritur.
559 3024 697 3102 Tyrium
713 3043 786 3084 euru
808 3021 896 3084 suisse
918 3035 1048 3084 conten·

43 3119 270 3206 irntsppianue
286 3123 320 3184 in
339 3120 511 3203 Hispane.
527 3139 561 3186 Ω.
582 3141 614 3186 et
627 3126 746 3188 Arrian.
765 3125 829 3188 c.1.
853 3143 925 3184 oum
942 3122 1056 3202 pieriae

43 3239 87 3299 que
104 3227 324 3286 recentiorum.
387 3223 445 3284 lise
468 3227 564 3285 etiam
584 3226 625 3286 de
647 3224 702 3287 suo
724 3241 867 3306 tempore
894 3223 1048 3290 adfirmat,

43 3322 168 3400 Tyrium,
200 3343 269 3388 non
291 3323 483 3397 Thebanum
505 3325 651 3388 habitum
675 3325 780 3395 fuisse.
815 3337 847 3386 et
874 3323 1049 3384 Phoenicio

43 3422 90 3484 ritu
107 3427 224 3488 coitum
248 3423 336 3487 suisse
357 3437 463 3494 notat,
497 3429 583 3507 quod
602 3429 640 3488 ad
660 3447 727 3492 rem
748 3425 943 3510 probandam
964 3419 1048 3484 sacit.

43 3523 117 3588 sidit
150 3529 301 3590 Arrianae
344 3527 459 3610 tempii
497 3527 682 3590 structuram
722 3528 922 3590 Phoenicum
960 3541 1051 3584 more

45 3621 145 3691 fictam.
182 3628 280 3712 Quod
295 3641 453 3708 praeterea
470 3641 558 3689 notat
572 3649 611 3690 ex
627 3631 757 3692 Arriano
776 3643 808 3698 a.
830 3627 884 3690 16.
911 3623 1051 3686 Eussath.
1088 3663 1093 3670 -

45 3727 72 3784 ad
89 3728 215 3809 Dionys.
229 3749 261 3792 r.
280 3739 363 3804 558.
386 3727 537 3791 Herculea
557 3730 675 3808 Tyriue
690 3733 723 3790 in
745 3731 822 3790 lncie
837 3727 899 3787 iilia
915 3722 1051 3785 versatus

45 3825 84 3890 asi.
116 3831 181 3892 Alia
194 3849 233 3892 ex
251 3829 456 3890 samiiitudine
471 3831 637 3911 utriusque
652 3831 764 3912 tempsi
779 3829 943 3906 cultorque
961 3826 1053 3886 ducta

46 3932 161 3993 eontulit
173 3930 306 3992 Valefine
320 3932 357 3990 ad
373 3943 516 4012 excerpta
530 3930 720 3998 Peiresciana
736 3950 767 4012 p.
784 3949 862 3990 rto.
886 3925 907 3988 s.
923 3925 961 3987 ad
979 3929 1055 3988 Dio,-

47 4047 105 4092 nem
123 4033 260 4096 Reimari
282 4031 322 4092 T.
343 4045 375 4094 α.
391 4049 462 4114 pag.
482 4041 588 4108 ¹3⁰5·
615 4032 669 4093 etfi
687 4029 848 4113 probanda
868 4046 936 4090 non
951 4023 1055 4088 censet

48 4129 173 4200 Gronov.
188 4136 227 4196 ed
243 4133 365 4195 Arrian.
381 4150 409 4194 c.
422 4130 444 4192 1.
474 4127 525 4195 Os.
541 4131 837 4216 tameniiltsseiing.
853 4128 1057 4224 adAntonini

82 4247 170 4326 Pomp.
187 4249 278 4306 sisela·
300 4248 415 4325 haget.
429 4247 467 4306 1.
481 4248 533 4306 111.
764 4233 801 4294 M
