2650 4896
179 403 180 406 ‘
290 413 352 491 ua
557 404 718 466 uotae
755 404 1056 464 exacerrcan

292 581 376 640 inter
395 577 522 643 Thulen
537 591 570 640 et
586 579 781 642 Britanniam
795 578 900 641 latiori
916 576 1021 650 senso.
1046 577 1094 640 uti
1113 577 1312 656 Ptolemaeo.

295 682 437 744 numeria
457 681 602 752 teslibue,
636 682 691 762 qui
715 695 748 742 et
770 682 804 742 in
823 681 986 742 Britannia
1007 679 1045 741 ab
1062 681 1121 742 hac
1138 696 1223 762 parte
1243 702 1315 746 com·

295 794 452 846 memorat
478 781 606 844 Orcoda
627 783 901 865 promontorium.
935 800 1035 864 aquo
1051 795 1084 844 et
1101 784 1239 844 Damnio
1258 787 1315 846 Bri·

296 884 422 944 aeneiae
444 883 679 968 longitudinem
696 884 829 946 metitur
846 883 998 947 Marcian.
1022 885 1056 942 in
1080 884 1206 965 periplo
1221 903 1251 965 p.
1266 897 1314 966 59.

297 981 399 1054 Huds.
442 984 489 1046 Ab
517 987 640 1047 oriente
666 985 848 1047 Britanniae
873 985 967 1067 ponit
992 983 1110 1069 Geogr.
1137 985 1315 1062 Ravenn5.

301 1099 360 1162 51.
376 1082 397 1146 s.
426 1086 567 1170 Longius
582 1086 658 1146 hinc
672 1098 818 1150 removet
837 1086 1028 1166 Antoninus,
1050 1087 1082 1147 in
1098 1087 1180 1146 mari
1196 1085 1315 1158 Oceano,

299 1185 384 1267 quod
408 1186 520 1248 Galliae
543 1202 575 1250 et
596 1187 772 1248 Britanniae
788 1187 958 1256 interfluit,
990 1186 1046 1246 ubi
1069 1188 1216 1267 proxime
1237 1185 1317 1268 sequi·

299 1299 352 1349 tur
369 1287 462 1348 Vecta
478 1287 497 1350 s.
515 1289 631 1356 Vectio.
682 1289 798 1358 Hodie,
821 1289 909 1368 quod
926 1301 1016 1349 notat
1032 1285 1252 1371 Biischingiua‚
1271 1307 1317 1348 nu-

300 1401 463 1450 merantur
488 1399 546 1464 oss.
599 1387 668 1451 Noc
694 1390 794 1472 nragia
826 1391 909 1450 inter
934 1401 1075 1451 auctorat
1103 1389 1237 1457 constat,
1264 1407 1316 1470 quo

300 1503 446 1571 tempore
461 1490 615 1556 Romania
635 1491 845 1552 innotuerint.
883 1487 1044 1551 Si'Tacito
1061 1491 1094 1548 in
1119 1489 1220 1574 Agric.
1235 1509 1258 1550 c.
1272 1508 1315 1552 ro.

299 1592 378 1654 fider
404 1591 446 1652 ost
473 1590 634 1662 habenda,
674 1592 714 1656 ad
740 1590 923 1654 Flauiorum
953 1591 1126 1672 imperium
1154 1592 1316 1674 incognitae

300 1689 440 1761 fuerunt.
465 1707 499 1754 et
514 1708 591 1753 tunc
605 1692 737 1754 ‹lemum
751 1691 790 1754 ab
806 1692 950 1777 Agricola
966 1693 1119 1752 inventae
1135 1706 1170 1753 et
1183 1692 1315 1752 domitae.

301 1793 344 1856 Et
364 1793 405 1854 src
428 1794 571 1856 luvenal.
591 1809 623 1864 a.
642 1794 723 1858 160.
745 1793 838 1854 modo
858 1805 974 1872 captos
996 1791 1147 1853 Orcadas
1168 1803 1315 1854 memorat.

300 1894 344 1957 At
364 1893 382 1952 sr
400 1895 478 1956 alica
491 1895 611 1965 audias,
636 1895 737 1956 veluti
754 1895 944 1977 Eutropium
961 1909 996 1966 7,
1015 1905 1070 1971 ιδ.
1089 1891 1111 1956 s.
1128 1904 1161 1970 8.
1187 1893 1316 1956 Oroliunr

302 2010 335 2070 7,
362 1992 394 2058 6.
428 1995 604 2057 Eusebium
621 2010 653 2058 et
670 1992 887 2058 Gaffiodorum
904 1996 939 2055 in
958 1992 1139 2063 Chronicia,
1166 1993 1227 2054 iam
1241 1993 1316 2056 Clan-

299 2097 373 2156 diua
389 2115 440 2157 eae
457 2097 604 2158 Romano
622 2098 757 2177 imperio
781 2097 912 2157 addidit.
967 2095 1062 2158 Certe
1085 2115 1162 2156 cum
1182 2095 1258 2156 Mela
1273 2113 1316 2176 pat

299 2209 382 2260 certa
397 2196 512 2256 indicia
529 2197 654 2258 Claudii
670 2209 770 2260 aetate
783 2194 948 2279 scripserit,
974 2197 1160 2280 incognitae
1180 2197 1238 2257 hoc
1252 2210 1317 2256 tem·

300 2315 378 2377 pore
400 2295 490 2358 fuisse
508 2298 641 2358 minime
661 2312 846 2378 potuerunt.
882 2298 953 2359 Vid.
969 2315 1047 2378 quae
1066 2298 1105 2358 de
1123 2317 1162 2358 eo
1178 2299 1314 2378 disputan·

300 2410 355 2458 tur
369 2399 406 2457 ad
421 2399 555 2482 Eutrop.
566 2419 592 2459 c.
603 2399 624 2460 l.
655 2398 799 2460 Desertae
814 2400 885 2461 aliae
903 2397 1001 2468 fatue,
1026 2399 1098 2460 aliae
1118 2398 1225 2466 cultae,
1244 2396 1315 2478 supra

300 2511 449 2564 notatum
466 2499 519 2561 est.
574 2500 755 2566 Secundum
778 2501 927 2562 Solinum
953 2512 1075 2560 vacarat
1095 2499 1232 2570 homine,
1264 2515 1315 2558 noa

303 2596 550 2689 bubentstlvas,
573 2613 699 2662 tontum
719 2603 835 2662 iunceis
854 2599 956 2662 herbis
976 2591 1211 2690 inhorrescunt.
1232 2609 1314 2658 cetera

301 2721 407 2764 aarum
433 2701 534 2762 nudae
560 2721 673 2762 arettae
697 2714 728 2762 et
751 2723 843 2788 rupea
865 2714 980 2762 terrent.
1034 2689 1253 2783 Quodli'vera
1272 2697 1313 2757 illo

300 2803 426 2872 retulit,
460 2803 595 2869 mutatio
619 2803 696 2870 haec
722 2813 755 2865 et
780 2803 904 2869 vellitus
929 2801 997 2890 posi
1020 2801 1202 2890 Agricolam
1227 2795 1316 2862 conse·

299 2903 445 2972 curret.

378 3104 418 3166 H
424 3105 639 3189 aerrrodae)
687 3107 990 3172 commemorentur
1014 3109 1110 3170 etiam
1133 3125 1151 3167 a
1177 3102 1314 3177 Plintoe.

305 3219 365 3284 30.
387 3203 408 3268 s.
429 3207 483 3268 16.
510 3207 566 3267 ubi
588 3221 692 3268 tamen
712 3209 869 3272 Acmodae
890 3222 1055 3273 vocantur.
1107 3211 1149 3271 At
1171 3218 1315 3268 numerus,

303 3307 377 3368 litua
393 3325 492 3387 prope
510 3309 645 3371 Orcadas
661 3306 826 3392 (quamvis
843 3322 988 3373 numerat
1004 3303 1073 3390 4ο)
1090 3323 1123 3370 et
1138 3322 1253 3368 nomen
1266 3319 1317 3361 aaa·

239 3397 244 3408 ⁹
304 3409 377 3470 dam
393 3406 452 3467 esse
469 3409 620 3471 indicant.
673 3411 798 3490 Nempe
814 3409 954 3482 Plinius,
981 3425 1018 3472 ut
1039 3409 1193 3472 existimat
1207 3397 1313 3467 Salmas

302 3511 341 3574 ad
358 3505 460 3572 Solio.
477 3529 509 3590 p.
523 3529 567 3570 m.
590 3507 669 3584 176.
694 3531 766 3572 cum
782 3511 926 3574 Emodus
941 3511 1033 3583 alibi,
1054 3512 1138 3594 apud
1157 3507 1232 3570 alioe
1244 3501 1313 3566 Eu

302 3611 364 3677 das
395 3607 571 3690 reperisset,
612 3610 748 3672 diversae
780 3611 930 3693 deceptus
962 3613 1107 3678 credidit.
1158 3607 1208 3672 Cs.
1228 3605 1311 3668 'ctiam

300 3711 482 3794 Schoening
496 3729 527 3790 p.
538 3723 596 3786 50.
614 3725 645 3772 et
661 3723 720 3792 89.
735 3731 761 3775 c.
777 3711 798 3780 1.
841 3713 938 3794 Quod
955 3713 974 3772 sr
989 3733 1100 3775 verum
1118 3712 1171 3781 esi.
1194 3707 1311 3770 mariue

302 3812 457 3891 discrepat
484 3809 607 3872 Plinius
639 3832 790 3882 numero.
832 3817 937 3876 minua
964 3815 1029 3876 alii.
1094 3812 1178 3874 Nam
1202 3808 1311 3872 Solinus

300 3931 368 3992 cap.
386 3923 442 3988 25.
461 3910 482 3974 s.
500 3928 559 3982 aa.
581 3913 677 3976 habet
694 3925 726 3990 5,
750 3931 824 3974 cum
841 3933 903 3995 quo
926 3913 1083 3976 consentit
1096 3914 1231 3976 Ptolem.
1247 3925 1271 3976 a.
1285 3917 1309 3966 ⁹·

298 4005 364 4076 stru*
380 4025 487 4072 tamen
503 4015 644 4074 multum
661 4015 849 4096 diecrepane.
902 4015 985 4078 Nam
1002 4015 1088 4098 supra
1107 4013 1258 4076 lverniam
1268 4004 1309 4064 115⁶

297 4111 390 4206 ponit
405 4131 516 4194 parum
532 4116 607 4177 inde
622 4129 771 4186 remoue.
805 4116 863 4186 llle
879 4137 896 4184 a
911 4117 1096 4184 Calidoniae
1110 4105 1308 4206 promontorio
