2696 4896
244 339 305 405 ιω
511 329 676 388 norae
714 327 1017 388 exacerrcar

246 505 349 566 Tanai
374 503 462 567 idem
488 503 666 566 adfirmaret
695 517 809 569 auctor
834 523 1016 584 anonymae
1041 501 1154 586 peripsi
1178 493 1310 562 Ponti

245 607 367 668 Euxini
383 626 455 690 pag.
476 615 531 685 14.
550 605 650 668 Huds.
699 605 812 688 Neque
828 621 934 668 tamen
952 607 1052 689 magia
1067 601 1311 669 consentiunt,

246 708 302 790 qui
327 707 368 770 de
389 707 474 769 osiiie
494 709 638 769 Armenii
658 707 766 771 druia
783 707 942 779 referunt,
973 707 1027 769 etsi
1051 707 1181 769 Arriano
1210 700 1308 763 telle

248 809 289 870 de
310 829 383 890 exp.
403 809 490 870 Alex.
512 823 546 883 7.
568 809 623 872 16.
649 809 790 891 plerique
811 831 886 873 eum
909 811 942 869 in
958 827 1043 869 mare
1060 805 1215 887 Caspium
1240 801 1306 863 de·

248 909 382 973 ducunt.
432 911 494 972 Alii
517 911 605 972 enim
632 913 665 972 in
688 911 808 990 Cyrum
832 932 909 974 eum
933 911 1064 971 insinere
1089 922 1227 970 etcum
1254 920 1303 965 eo

247 1012 456 1074 coniunctum
478 1013 590 1074 evolvi
609 1008 811 1096 scripserunt.
843 1015 890 1072 uti
910 1013 1036 1094 adparet
1053 1031 1090 1072 ex
1112 1004 1303 1069 Plutarcho

247 1114 282 1174 io
300 1112 458 1194 Pompeio
475 1133 543 1196 cap.
562 1127 621 1192 34.
650 1117 782 1196 Appiau.
799 1116 832 1174 ἱιι
848 1114 995 1178 Mithrid.
1009 1133 1074 1194 cap.
1096 1123 1173 1188 103.
1198 1121 1242 1169 et
1262 1107 1304 1166 ln

247 1214 360 1297 primic
374 1212 483 1277 Plinio
500 1218 533 1285 6.
555 1237 609 1278 ιο.
651 1215 701 1278 Cs.
717 1237 757 1277 ex
773 1216 890 1300 Geogr.
912 1213 1064 1276 Nubiensi
1079 1211 1235 1274 Bocbart.
1260 1208 1302 1268 iu

248 1315 367 1402 Phaleg
385 1331 418 1394 3,
442 1331 495 1395 t3.
535 1316 685 1379 Seorsum
703 1331 808 1378 tameu
824 1331 996 1398 utrumque
1012 1315 1121 1378 evolvi
1137 1313 1302 1374 adfirmat

248 1418 363 1480 Strabo
383 1437 437 1478 ιι.
459 1439 489 1500 p.
510 1431 594 1498 339.
619 1416 638 1481 s.
659 1437 744 1498 49¹·
775 1439 834 1480 uec
856 1419 966 1500 procui
987 1416 1027 1478 ab
1046 1419 1143 1478 Araxe
1158 1413 1300 1492 Cyrum

146 1509 151 1524 ’
252 1539 309 1583 ιι.
333 1539 404 1604 pag.
421 1520 504 1598 546.
523 1517 544 1582 s.
560 1535 644 1596 501.
676 1520 713 1582 ad
737 1533 876 1582 extrema
898 1519 1046 1582 Albaniae
1068 1539 1122 1581 tt.
1145 1535 1175 1596 p.
1195 1513 1297 1592 565.

246 1618 268 1684 s.
289 1633 375 1699 528.
402 1621 486 1684 Cum
500 1619 655 1684 Strabone
669 1620 825 1684 consentit
836 1621 932 1684 Mela.
958 1619 1159 1684 Ptolemaeus
1175 1627 1210 1693 5,
1228 1625 1295 1689 15.

246 1742 324 1785 eum
355 1725 470 1804 partim
499 1725 532 1784 in
559 1723 746 1804 Hyrcanum
776 1742 861 1785 mare
889 1723 1016 1792 educit,
1049 1721 1162 1802 partim
1192 1715 1299 1794 Cyro

246 1823 407 1888 admiscet.
459 1823 566 1887 Hodie
584 1837 689 1886 tamen
704 1825 818 1887 Araxen
834 1819 956 1907 (Ares)
972 1822 1078 1884 influit
1094 1824 1127 1882 in
1145 1817 1292 1897 cyrum.

245 1921 355 2005 (Kar)
389 1937 423 1986 et
446 1924 487 1986 tte
514 1927 548 1985 in
577 1943 663 1987 mare
690 1924 837 2008 Caspium
863 1945 966 2008 prope
992 1927 1082 1986 lavat
1110 1919 1292 1986 emittitur,

212 2039 214 2044 '
245 2026 334 2106 quod
350 2026 494 2088 Zannoni
509 2026 611 2087 tabula
627 2027 746 2088 indicat
763 2028 802 2088 de
819 2027 846 2088 la
866 2028 964 2108 partie
986 2021 1227 2106 septentrionale
1243 2018 1290 2079 de

244 2125 400 2209 l'Ernpire
425 2126 583 2196 Otourau.
619 2127 847 2209 adfirmantque
868 2128 1058 2189 recentiores
1082 2125 1183 2187 testea.
1228 2116 1288 2182 Cf.

246 2227 405 2290 d’dnville
420 2227 475 2289 dee
492 2227 613 2289 sleuvea
629 2229 671 2288 du
688 2247 766 2290 nom
786 2229 916 2290 d'Araxe
934 2249 966 2309 p.
986 2240 1046 2306 81.
1068 2225 1122 2311 (in
1142 2221 1288 2283 Memoi·

243 2347 295 2390 rea
312 2363 364 2374 —
386 2329 425 2390 de
448 2329 536 2390 Paria
550 2331 590 2392 T.
608 2327 690 2413 56.)
720 2329 912 2392 Bieberslein
933 2327 1058 2392 Bescbr.
1083 2329 1139 2416 der
1153 2323 1288 2384 Ldnrler

142 2415 144 2420 ¹
243 2427 403 2491 zwiscben
419 2430 480 2490 den
492 2428 615 2491 Fliissen
631 2429 738 2493 Terek
748 2433 812 2492 und
824 2433 895 2492 Kur
909 2451 958 2491 am
972 2427 1158 2512 Caspiscben
1169 2426 1285 2486 Meere

242 2547 277 2612 p.
288 2539 350 2608 4ο.
376 2531 543 2592 Reichardi
561 2531 640 2593 liber
653 2533 837 2594 zurKunde
853 2533 907 2593 der
918 2528 1037 2592 Viilker
1052 2529 1086 2591 P.
1104 2549 1131 2588 ι.
1149 2549 1180 2608 p.
1197 2539 1281 2604 192.

243 2643 278 2692 et
299 2649 378 2713 quot
399 2633 504 2693 laudat
520 2632 708 2694 Lt'inemann
730 2637 763 2694 iu
788 2631 883 2693 deser.
903 2632 1027 2695 Caucasi
1045 2651 1076 2713 p.
1094 2645 1138 2706 25
1160 2627 1201 2708 sq.
1237 2627 1285 2687 Ar

243 2731 337 2794 latine
350 2735 451 2813 patuit
467 2732 573 2795 draxia
588 2753 724 2805 nomen,
748 2737 834 2795 unde
851 2734 958 2795 turbae
977 2734 1057 2794 illae.
1098 2733 1166 2798 Sic.
1189 2727 1283 2808 quod

242 2852 344 2896 nexus
361 2836 510 2905 declarat,
537 2837 707 2896 Snocoram
723 2838 782 2914 (o)
805 2837 837 2894 in
860 2833 1087 2916 Mesopotamia
1105 2827 1287 2892 Ptolemaei

243 2920 354 3012 515.
380 2937 434 3016 qui
459 2937 490 2995 in
508 2937 690 3020 Euphraten
714 2937 836 3002 influit.
872 2937 991 2996 Araxen
1016 2947 1108 2997 vocat
1128 2928 1284 3010 Xenoph.

243 3039 284 3098 de
317 3039 429 3118 exped.
461 3036 537 3116 Cyri
564 3061 590 3107 ι,
614 3048 648 3116 4.
672 3052 751 3101 extr.
790 3037 844 3098 etsi
877 3037 1015 3114 Bayerua
1048 3037 1081 3096 in
1119 3029 1284 3116 opusculis

243 3137 391 3216 (Klotz.)
417 3159 487 3223 pag.
513 3153 572 3212 71.
603 3140 692 3199 malit
721 3139 899 3222 intelligere
925 3139 965 3198 de
992 3133 1164 3199 Callirrhoe
1191 3127 1283 3212 apud

241 3237 405 3310 Edessam,
442 3239 596 3323 Arabibpt
620 3241 654 3301 at
683 3237 820 3303 chabor.
874 3236 926 3302 Cf.
953 3237 1065 3299 Cellar.
1097 3239 1130 3296 in
1159 3235 1282 3314 Geugr.

241 3351 306 3402 ant.
332 3355 363 3420 5,
390 3353 444 3418 ι5,
474 3353 528 3417 ι5.
597 3343 679 3403 ltem
717 3341 837 3402 Araxen
871 3341 904 3399 iu
944 3337 1069 3401 Perside
1109 3333 1283 3399 ostendunt

241 3456 402 3514 auctores,
430 3441 531 3503 veluti
550 3443 662 3505 Strabo
684 3455 736 3518 15.
761 3463 792 3523 p.
809 3453 892 3520 591.
911 3440 932 3502 s.
951 3455 1034 3519 729.
1065 3439 1199 3501 Diodur.
1220 3447 1280 3506 17.

244 3539 303 3618 69.
339 3543 469 3606 Curtiue
492 3555 525 3620 5,
550 3551 585 3622 4,
610 3557 642 3618 ¹7.
667 3556 700 3602 et
721 3543 813 3613 alibi,
848 3545 902 3625 qui
924 3563 963 3604 ex
986 3541 1202 3602 Paraetacenie
1226 3535 1280 3595 de·

242 3637 363 3704 fluitet
383 3664 441 3724 per
459 3642 601 3706 Mediam
618 3663 691 3705 cum
709 3643 808 3705 Medo
825 3641 860 3705 sl.
879 3644 1070 3704 coniunctus
1091 3655 1190 3723 prope
1204 3637 1279 3697 Per·

242 3735 364 3821 seposiu
389 3745 558 3807 decurrens
578 3745 612 3806 iu
633 3745 790 3807 Persicum
815 3743 916 3804 sinum
936 3743 1115 3828 egreditur3
1148 3739 1277 3818 Rhogo-

240 3843 351 3903 ritam'n
375 3863 449 3905 eum
469 3845 528 3908 else
551 3843 727 3908 Ptolemaei
745 3849 778 3916 6,
797 3855 832 3924 4.
863 3859 895 3906 et
910 3845 1083 3926 Rhogont'u
1098 3843 1220 3903 Arriani
1242 3837 1274 3898 iu

240 3941 358 4004 indicis
385 3964 450 4027 cap.
467 3959 524 4025 39.
549 3944 590 4030 (s.
608 3945 749 4012 Nearchi,
770 3947 805 4008 in
831 3946 960 4029 paraplo
982 3965 1053 4029 pag.
1078 3952 1136 4024 34.
1156 3934 1274 4018 Huds.)

238 4058 278 4103 ex
295 4043 442 4108 vocabuli
460 4044 535 4110 sono
555 4049 676 4110 iudicat
694 4046 820 4111 Salmas.
837 4047 876 4110 ad
892 4047 993 4112 Sosin.
1015 4065 1081 4128 cap.
1099 4053 1158 4123 55.
1175 4041 1197 4107 s.
1215 4053 1271 4122 59.
