2724 4904
271 425 334 496 503
516 405 518 412 '
540 408 703 470 Nom
720 469 722 474 ,
740 399 1046 468 axaoaatcaa

279 584 471 656 Brandemir
493 585 690 646 nominatur.
730 583 843 646 Amnis
866 601 961 655 vero,
987 583 1042 666 qui
1058 580 1134 645 huic
1154 579 1359 666 coniungi·

282 708 351 763 tur,
383 694 507 753 Araxes
527 687 706 769 appellatur
722 684 760 745 ab
781 685 980 756 auctoribus,
1009 685 1065 765 qui
1081 686 1267 748 Alexandri
1297 701 1360 746 rea

283 793 380 880 geilae
412 785 610 871 scripserunt.
671 785 799 868 Nempe
831 788 1012 867 ubicunque
1039 801 1164 849 veterae
1200 788 1316 866 Cyru
1343 816 1350 837 ·

284 895 423 959 fluvium
449 887 651 972 descripsere,
685 889 755 948 illic
779 907 909 970 quoque
934 888 1084 951 addidere
1110 891 1258 952 Araxem
1293 888 1348 948 ali

286 1015 385 1079 quem
409 1006 443 1054 et
462 990 670 1074 Cyropolim,
699 988 762 1054 live
784 987 1021 1070 Cyreschatam.
1046 993 1133 1074 quod
1155 991 1192 1052 in
1221 989 1309 1052 mul
1328 991 1354 1037 '1

287 1099 366 1162 socie
387 1094 537 1178 contigit.
571 1110 714 1156 voaerva.

456 1297 486 1374 §.
517 1305 551 1372 5.
603 1296 655 1356 Iar
686 1293 832 1378 parte)
886 1295 1000 1358 Intimi
1027 1293 1127 1368 sinna,
1166 1313 1260 1376 quac
1294 1312 1339 1354 o·

290 1399 393 1485 potito
419 1409 519 1458 tractu
548 1397 631 1458 sinna
657 1393 802 1460 saucibua
830 1395 1010 1479 respondet.
1055 1398 1126 1458 Vid.
1152 1395 1361 1457 Ptolemaa⁰

290 1503 437 1584 quintam
454 1498 590 1560 tabulam
608 1498 704 1561 Asiae.
738 1517 925 1564 ventanae.
976 1496 1046 1582 lpse
1069 1497 1138 1560 satie
1160 1498 1362 1560 declaravi

292 1603 379 1666 Mala
395 1599 542 1662 subnexis
557 1599 680 1663 verbio:
707 1621 787 1684 qraae
801 1600 908 1684 pelagi
928 1597 1008 1694 <fiio
1024 1591 1160 1692 adversa
1175 1597 1243 1693 est.

369 1800 723 1886 Babyloniorum)
767 1805 818 1865 De
835 1801 951 1884 quibua
968 1804 1071 1885 aliqua
1086 1803 1124 1865 ad
1145 1823 1173 1872 a.
1196 1823 1264 1865 aa.
1305 1804 1362 1864 D.

295 1905 463 1972 Chaldaeis
497 1925 583 1966 nnnc
615 1906 712 1990 igitur
743 1906 868 1987 potiora
900 1903 1094 1970 summatim.
1145 1906 1265 1988 Regio
1299 1904 1361 1968 Gr.

294 2001 465 2078 Χαλδαία,
490 2008 546 2069 etli
566 2009 682 2088 tarinae,
714 2018 870 2068 monente
891 2007 988 2068 etiam
1005 2005 1140 2070 Cellario
1162 2011 1198 2066 in
1219 2005 1359 2089 Geogr.

297 2122 365 2171 ant.
382 2121 414 2186 3,
438 2105 492 2179 16,
512 2123 565 2180 17.
590 2109 644 2190 qui
664 2109 902 2186 Hieronymum
922 2107 961 2168 ad
976 2107 1133 2170 Ezechiel.
1155 2108 1216 2170 16.
1237 2127 1361 2169 unrrrn

296 2208 407 2272 tellem
435 2210 595 2291 producit.
652 2211 699 2272 lta
725 2228 805 2271 vero
833 2210 929 2272 etiam
953 2207 1107 2290 losephua
1129 2209 1164 2268 in
1187 2212 1351 2292 antiquit

297 2310 371 2374 lud.
390 2329 420 2381 a,
437 2325 469 2385 7.
486 2308 507 2373 s.
526 2323 560 2389 3.
576 2313 622 2376 in.
658 2311 820 2393 Stephano
837 2312 954 2373 dicitur
968 2304 1118 2390 Xolldoia
1134 2304 1263 2394 χώρα.
1297 2312 1349 2372 nii

297 2412 395 2474 tatius
420 2431 539 2474 nornen
561 2411 615 2476 suo
635 2425 778 2495 tompore
798 2425 888 2475 antea
915 2409 1004 2474 luisse
1033 2424 1123 2473 notat
1153 2407 1352 2498 Χαλδαϊκή

296 2507 427 2576 Χαλὸἰα
449 2515 538 2597 regio
558 2514 666 2584 Ponti.
692 2515 782 2576 cuiue
802 2514 925 2576 incolae
943 2513 1095 2576 Chaldaei
1115 2515 1228 2584 etiarn,
1259 2515 1360 2597 apud

298 2613 440 2676 Eustath.
463 2615 502 2675 ad
524 2613 655 2694 Dionys.
679 2635 713 2678 v.
729 2617 814 2691 767.
855 2614 1053 2679 Constantia.
1070 2613 1290 2700 Porphyrog.
1318 2617 1360 2678 de

300 2715 435 2777 themat.
461 2735 489 2784 ι,
514 2725 546 2792 3.
570 2729 603 2777 et
628 2714 714 2778 alibi.
767 2716 975 2779 Usitatiuaell
994 2716 1037 2801 γῆ
1060 2712 1264 2790 Χαλδαίων,
1310 2718 1360 2779 nti

300 2805 436 2912 Ε’ἾᾯΞ,
468 2815 554 2913 'flii
578 2818 718 2878 reddunt
735 2818 922 2901 interpretes
937 2818 1157 2888 Alexandrini.
1183 2831 1221 2878 et
1245 2820 1359 2882 habet

301 2917 402 2978 Lucae
427 2919 501 2982 Act.
520 2918 631 3000 Aposl.
649 2935 681 2994 7,
704 2931 740 2999 4.
763 2938 833 3003 -pro
859 2939 925 3001 qno
948 2920 1095 3003 vulgatua
1119 2921 1220 2980 etiam
1245 2921 1358 2984 babet

306 3018 488 3090 Chaldaea,
520 3019 815 3087 notantaCellario.
865 3022 919 3085 Sic
942 3021 986 3105 γῆ
1010 3015 1181 3083 Χαλδαίων
1209 3021 1355 3106 loseph

301 3123 422 3201 antiqu.
446 3119 517 3204 lud.
538 3143 567 3192 ι,
591 3136 625 3198 7.
647 3119 670 3183 s.
688 3135 722 3201 3.
783 3123 909 3186 Incolae
936 3120 1087 3186 Chaldaei
1115 3119 1219 3204 saepe.
1255 3127 1357 3187 unde

300 3217 505 3298 Χαλδαϊκός,
538 3223 639 3284 veluti
662 3224 744 3304 apud
768 3221 892 3305 loseph.
916 3237 981 3286 ant.
1006 3223 1077 3286 Iud.
1101 3243 1129 3294 t,
1153 3239 1185 3285 a.
1212 3221 1239 3287 s.
1309 3230 1357 3290 De

303 3323 538 3386 Chaldaeorum
569 3326 702 3386 nomine
735 3340 767 3386 et
796 3324 922 3388 sedibus
946 3325 1083 3406 antiquie
1108 3343 1175 3386 non
1200 3346 1276 3388 una
1316 3327 1358 3392 est

302 3425 471 3486 doctorum
487 3425 821 3497 virorumsemeutia.
849 3445 984 3509 quornm
1004 3424 1157 3488 summam
1173 3427 1356 3515 adtingere

301 3525 356 3587 hic
380 3525 519 3588 breviter
539 3527 641 3589 liceat.
661 3527 663 3530 ’
705 3526 792 3589 Olim
814 3528 915 3590 dictos
939 3528 998 3590 else
1023 3528 1290 3610 Arphoxadrreos
1317 3532 1355 3594 ab

300 3625 492 3710 Arphaxade
523 3647 636 3690 eorum
665 3629 824 3710 principe,
858 3631 947 3692 Semi
974 3630 1058 3702 filio,
1093 3628 1181 3690 Noae
1210 3649 1353 3714 nepote.

302 3729 397 3789 tradit
421 3726 572 3811 losephne
597 3731 716 3810 antiqu.
735 3730 805 3794 lud.
824 3750 852 3800 a,
870 3733 903 3800 6,
919 3728 940 3792 s.
958 3747 991 3804 7,
1010 3740 1046 3809 4.
1096 3733 1143 3793 At
1164 3729 1353 3797 secundum

303 3829 500 3910 Stephanum
517 3829 538 3892 s.
557 3851 588 3895 v.
604 3827 764 3894 Χαλδαῖοι
778 3845 811 3892 et
824 3831 1023 3893 Euslathinm
1038 3829 1103 3894 c.l.
1124 3851 1247 3894 nomen
1264 3838 1354 3899 anti·

302 3949 404 4011 quum
417 3927 478 3991 suit
495 3930 654 4019 Κηφῆνες,
676 3932 848 4014 aCepheo,
877 3946 963 4015 patre
978 3933 1217 4004 Andromedae,
1245 3957 1351 4018 quam

300 4027 433 4092 Perseus
447 4032 607 4103 liberavit,
635 4035 720 4096 unde
737 4035 824 4119 regio
839 4030 1012 4120 Kampsa,
1039 4034 1139 4095 veluti
1155 4037 1239 4117 apud
1260 4043 1293 4101 A
1299 4061 1353 4125 ga·

301 4131 457 4196 tharchid.
475 4134 515 4196 de
532 4137 613 4198 mari
636 4135 732 4199 rubro
748 4155 783 4221 p.
800 4155 844 4200 m.
866 4150 900 4214 3.
923 4133 1064 4224 (Huds.)
1089 4149 1122 4199 et
1139 4137 1352 4221 Stephanum
