2746 4894
245 387 309 460 4⁰8
514 373 675 436 nocte
714 346 1012 434 nxncnrrc're

248 567 425 640 pretentur,
452 550 492 617 de
507 547 623 633 quibui
642 549 794 614 omnibur
810 563 977 614 auctorum
994 549 1162 614 cohortem
1178 549 1291 636 coegit

249 656 415 722 Fischerus
433 655 471 716 ad
491 653 718 736 Palaephatum
735 673 801 736 cap.
821 671 835 716 t
842 672 877 735 9.
918 654 1029 733 Scylax
1045 667 1161 724 tamen,
1186 671 1290 734 quent

249 759 360 822 teilem
378 757 523 840 inprimis
546 754 661 818 rddere
683 768 824 838 poteret.
854 757 894 819 de
914 757 1018 840 potnit
1036 755 1291 840 intelligendum

250 861 311 923 elle
326 861 447 923 evincit
467 859 501 919 in
514 857 609 922 ‚horti
631 875 866 940 pomorumque
883 859 1042 920 variorum
1058 875 1292 920 commemore-

252 961 359 1031 tione‚
394 959 539 1042 quamvis
574 959 689 1020 iterum
707 973 886 1041 utramque
917 961 1083 1044 regionem
1115 959 1168 1019 hic
1200 975 1293 1018 com·

250 1062 404 1126 rniscniile
428 1076 571 1124 auctores
592 1061 754 1124 videntur.
806 1063 855 1124 Ad
875 1061 967 1122 litum
989 1061 1084 1123 huiue
1105 1061 1169 1122 loci
1190 1059 1292 1142 perti-

253 1179 332 1236 nent
359 1162 519 1245 nymphae
546 1160 750 1246 Hesperides,
783 1183 860 1244 ques
891 1164 964 1226 ideo
991 1163 1122 1244 quidam
1149 1161 1292 1224 tuentia

251 1268 330 1330 filiae
351 1265 480 1327 faciunt.
525 1263 685 1326 Atlantem
712 1279 853 1327 autema
876 1265 976 1345 Libya
996 1263 1107 1348 procul
1128 1275 1290 1333 removet,

251 1383 286 1432 et
307 1370 341 1429 in
366 1366 579 1449 Hyperboreis
601 1369 695 1448 ponit
722 1366 906 1448 Apollodor.
925 1382 958 1436 n,
983 1379 1015 1444 5.
1039 1345 1093 1428 ri.
1126 1365 1165 1426 ad
1190 1383 1306 1446 quem.

253 1471 330 1534 virle
345 1471 386 1530 T.
407 1491 434 1532 1.
460 1489 529 1554 pag.
546 1479 631 1548 4⁰8·
652 1469 777 1548 Heyne.
829 1473 872 1530 At
893 1467 1066 1532 confudille
1086 1467 1137 1528 iiie
1159 1468 1294 1527 videtur

254 1573 479 1654 Apollodorus.
532 1569 630 1656 Quod
657 1584 763 1632 tamen
797 1569 892 1640 dicit.
927 1569 965 1632 rb
992 1569 1129 1632 Hercule
1159 1567 1292 1648 abrepta

214 1716 220 1729 ι
253 1672 355 1742 tuine,
380 1673 442 1733 huc
458 1686 543 1734 recte
557 1669 667 1733 referri
680 1671 789 1754 potest,
812 1675 886 1754 quia
903 1673 1006 1759 noller
1020 1669 1101 1732 infra
1113 1669 1293 1731 Herculem

254 1776 333 1838 lraec
346 1776 413 1837 loca
431 1772 536 1834 rdiilie
554 1774 660 1835 tradit.
696 1771 746 1836 Cf.
764 1787 797 1836 et
810 1771 896 1838 Plin.
907 1785 939 1850 5.
960 1796 988 1838 r.
1014 1774 1115 1835 Solin.
1128 1773 1292 1850 27.(24.)

254 1877 468 1958 quieturam
492 1875 637 1937 Herculis
657 1875 702 1936 ibi
729 1887 830 1937 notat.
883 1876 950 1938 illie
979 1875 1125 1959 pluribus
1149 1874 1296 1955 disputat

196 2009 198 2014 v
254 1980 370 2056 Heyne
386 1997 402 2040 a
418 1976 547 2038 confilio
563 1995 637 2038 meo
653 1991 786 2039 remote.
814 1977 965 2040 Ceterum
978 1979 1018 2038 de
1030 1993 1164 2038 numero
1173 1971 1296 2054 Hespe·

254 2080 378 2150 ridum‚
404 2097 478 2140 cum
492 2079 545 2140 elii
562 2085 595 2160 4.
619 2077 672 2139 alii
692 2091 723 2158 5.
748 2079 802 2140 alii
819 2093 852 2141 n.
880 2075 941 2162 (ut
957 2077 1105 2160 Palaeph.
1122 2095 1189 2157 cap.
1210 2071 1293 2155 ¹9·)

253 2181 403 2250 statuant,
430 2178 498 2242 vid.
516 2177 697 2243 Munkorue
718 2193 751 2242 et
763 2181 953 2245 Steterenue
968 2182 1005 2242 ad
1022 2181 1046 2242 F
1049 2178 1229 2265 ulgentium
1251 2177 1296 2238 de

256 2283 378 2346 contin.
400 2281 510 2366 virgil.
535 2303 567 2364 p.
585 2294 670 2360 755.

331 2447 585 2496 memoratur
590 2431 610 2517 )
659 2437 710 2498 De
735 2433 887 2498 structure
918 2431 979 2498 hac
1009 2431 1131 2497 dictum
1160 2431 1198 2496 in
1223 2444 1296 2500 not.

256 2535 325 2600 crit.
350 2557 381 2619 p.
403 2534 486 2614 561.

331 2687 362 2750 A
369 2687 454 2748 tias
462 2685 480 2767 )
530 2687 628 2750 Moru
649 2700 815 2770 poetarum
838 2687 873 2748 in
896 2685 1007 2770 primis
1029 2684 1239 2778 descriptione
1263 2696 1298 2746 et

257 2785 373 2850 fabulis
389 2787 573 2860 celebratur,
599 2809 694 2871 quern
710 2802 742 2851 et
758 2788 871 2851 Noster
887 2789 1013 2872 poetico
1027 2786 1093 2850 fere
1110 2800 1224 2850 omatn
1242 2785 1299 2847 de·

258 2891 369 2974 [ignat.
395 2889 513 2953 Abiicit
528 2891 611 2953 hanc
627 2890 764 2954 fabulam
783 2889 1031 2976 Agatharchidee
1044 2890 1084 2952 de
1102 2890 1181 2950 meri
1197 2886 1295 2950 rubro

259 3011 287 3056 c.
304 3002 340 3072 4.
360 3013 392 3075 p.
410 3011 443 3071 9.
463 2990 605 3077 (Huds.)
645 2995 694 3055 Ex
711 2995 820 3056 multie
841 2993 923 3054 dabo
943 2991 1066 3076 Virgilii
1089 2992 1194 3052 locum
1211 2992 1293 3052 den.

261 3105 296 3173 4,
316 3107 385 3172 247
406 3093 468 3174 squ.
493 3095 608 3156 coelum
622 3097 677 3176 qui
690 3095 804 3157 vertice
817 3084 925 3182 fulcit
940 3127 993 3140 -
1007 3095 1145 3153 cinctum
1161 3086 1295 3179 adsidue

261 3197 312 3256 cui
335 3193 466 3257 nubibus
488 3197 571 3257 atris
592 3188 772 3287 Piniferum
794 3207 894 3275 caput
917 3209 948 3257 ec
972 3207 1068 3255 vento
1093 3183 1241 3282 pulsatur
1264 3201 1297 3252 et

262 3295 360 3360 imbri.
387 3297 460 3356 Nix
475 3299 617 3359 humeros
633 3290 745 3387 infusa
760 3297 841 3376 tegit
857 3309 917 3359 etc.
950 3297 1118 3378 Virgilium
1135 3293 1189 3356 luo
1206 3311 1297 3354 more

262 3397 404 3461 imitatus
426 3399 468 3458 eli
490 3401 545 3460 Sil.
570 3400 639 3462 ltal.
663 3421 691 3470 r,
712 3413 783 3462 oon
804 3396 845 3479 iq.
886 3397 1031 3460 Eandem
1055 3393 1174 3458 crutam
1196 3393 1299 3456 adfert

264 3499 392 3562 Malalat
413 3500 594 3583 Chronogr.
617 3501 672 3562 lib.
690 3511 725 3581 lp.
749 3521 781 3582 p.
801 3512 854 3576 ιδ.
877 3501 986 3577 (Ven.)
1023 3498 1152 3561 Clarum
1174 3497 1299 3558 astrolo-

266 3619 343 3684 gum
361 3603 530 3673 Atlantem,
553 3603 738 3664 Promethei
761 3599 886 3664 frntrem
904 3597 995 3662 fuille
1009 3613 1095 3662 etex
1112 3599 1170 3659 bec
1184 3598 1301 3659 intelli·

265 3704 372 3784 gentio
395 3717 525 3774 natum,
558 3705 644 3784 quod
672 3704 798 3766 coelum
822 3701 903 3765 ferro
923 3703 1058 3772 dicatur,
1090 3699 1196 3761 scribit
1221 3701 1301 3778 Syn·

266 3805 363 3868 cellue
381 3827 409 3888 p.
425 3823 506 3884 119.
524 3801 639 3888 (149.)
676 3805 774 3866 Addit
786 3801 824 3866 ab
839 3805 993 3887 Euripide
1008 3815 1152 3865 montem
1170 3801 1236 3862 dici
1249 3820 1300 3862 err-

266 3905 395 3970 cellum.
421 3895 620 3990 (ὑπερνεφὲς
643 3897 751 3993 ὅρος.)
785 3907 881 3990 Quod
905 3907 1032 3967 coelum
1055 3903 1201 3966 sustinere
1225 3902 1301 3964 clici·

266 4017 318 4068 tur
339 4009 460 4090 poetis,
490 4009 666 4076 altitudinis
687 4007 827 4072 summae
850 4007 893 4072 cll
908 4008 1044 4075 notatio.
1070 4022 1073 4031 ’
1095 4005 1210 4076 Cetera
1228 4023 1302 4069 con·
