2748 4888
286 427 328 494 9⁰
556 411 714 470 norae
759 411 1060 470 uxaonmcau

287 587 482 652 Sarmaticos
503 602 631 649 monte·
646 587 790 671 porrigit,
817 583 867 648 led
884 589 968 649 intra
985 587 1088 671 ponit,
1116 585 1207 653 sensu
1225 601 1352 652 tamen

286 691 412 760 artiori,
447 688 569 749 ambitu
595 707 696 771 prope
727 689 880 776 Quados,
913 691 980 750 n'on
1006 691 1117 774 procul
1144 711 1161 751 a
1187 689 1350 754 Gabreta

277 789 383 884 filare,
415 809 512 874 quam
536 791 632 852 eliam
656 791 689 851 in
713 789 870 852 Strabone
886 791 1065 870 Hercynius
1083 791 1174 855 saltus
1198 793 1346 874 excipit.

285 893 367 954 lude
394 911 471 954 vero
494 893 638 976 adparet,
673 892 767 952 lutino
793 893 990 973 aliquantum
1013 907 1139 975 patere,
1171 913 1278 975 quam
1307 893 1343 955 h.

286 993 525 1057 Schwarzwald
548 1007 581 1055 et
605 994 792 1065 Har-ruald,
831 1007 864 1055 et
890 995 1006 1058 multae
1030 996 1105 1060 allae
1127 995 1219 1056 illm
1244 1014 1344 1056 com·

284 1096 414 1182 plexum
449 1095 519 1156 elle:
584 1095 751 1176 Reliquiae
784 1098 855 1158 eius
893 1098 990 1180 igitur
1025 1117 1113 1158 nunc
1155 1095 1341 1160 habendae

286 1199 433 1260 seruare
446 1227 459 1241 ·
491 1184 704 1286 Arispachrr·
733 1195 876 1276 Steigrr·
911 1196 1104 1268 Oderuoald‚
1141 1188 1337 1288 Spessharc‚

283 1299 397 1363 Har:-
424 1297 614 1376 Thuriuger-
635 1288 841 1388 Blilrmifclrer
858 1295 976 1362 Wnlcl.
1010 1297 1062 1362 cl.
1082 1299 1230 1361 Galterer
1247 1301 1337 1378 Syn·

285 1399 432 1462 chronill.
455 1395 599 1462 Univers.
623 1398 701 1459 Hist.
725 1419 797 1482 pag.
815 1401 898 1477 692.
926 1413 958 1461 et
981 1401 1131 1461 Mauuert
1153 1401 1185 1460 in
1203 1399 1335 1482 Geogr.

283 1503 324 1564 T.
343 1515 375 1578 3.
396 1523 428 1584 p.
447 1513 519 1577 5¹⁰
536 1498 598 1580 sqq.
636 1499 804 1562 Roborum
823 1501 999 1564 vastitatem
1017 1504 1049 1561 in
1072 1520 1108 1564 ea
1128 1515 1221 1564 notat
1240 1502 1337 1568 Pun.

289 1605 346 1678 16,
369 1618 402 1666 Ω.
427 1615 459 1664 et
475 1600 612 1666 ferarum
628 1602 709 1662 mira
726 1621 844 1696 genem
861 1601 949 1667 Cael.
968 1604 1002 1673 6,
1020 1604 1078 1666 26.

359 1799 551 1890 aliquot)
601 1804 647 1866 Ut
673 1803 757 1886 apud
781 1803 1009 1867 Ptolemaeum
1031 1821 1062 1875 a.
1089 1827 1144 1869 ιι.
1174 1802 1332 1879 Gabreta,
1372 1865 1373 1870 ,

281 1905 472 1996 (Γαβρίτα,
500 1908 532 1966 in
551 1904 707 1967 Strabone
723 1920 756 1977 7.
772 1927 803 1987 p.
815 1923 898 1968 202.
914 1905 933 1966 l.
946 1923 1029 1987 292.
1048 1898 1244 1990 Γαύβρητα,
1265 1927 1334 1988 pro

281 2031 347 2093 quo
361 2006 487 2090 repolui
502 2003 687 2092 Γαβρῆτο)
711 2007 854 2069 Seniano.
895 2007 1035 2069 Gabreta
1052 2029 1070 2068 a
1085 2007 1238 2072 Cluverio
1252 2029 1281 2069 c.
1304 2009 1330 2072 l.

282 2125 317 2174 et
330 2113 471 2192 Spenero
491 2124 522 2176 a,
536 2121 572 2185 ¹5,
589 2109 622 2169 6.
639 2126 670 2188 p.
682 2125 742 2186 90.
760 2109 792 2168 iu
810 2109 988 2193 Thuringia
1004 2113 1173 2190 quaeritur.
1201 2109 1242 2170 ab
1257 2111 1331 2172 hoc

281 2213 380 2274 eliam
398 2211 436 2270 ad
453 2201 629 2297 Piniferum
650 2221 784 2270 montem
806 2209 839 2272 h.
862 2208 1056 2290 Ficlrtelberg·
1076 2211 1274 2281 extenditur,
1306 2231 1329 2272 a

281 2310 564 2396 quibuudirlentm,
586 2310 660 2390 quia
677 2309 878 2373 Ptolemaeus
895 2313 926 2372 in
944 2313 1062 2373 ricinia
1079 2313 1327 2394 ponitSudetoe

271 2429 421 2490 ,montem
452 2411 565 2473 Strabo
579 2412 720 2481 Suevos,
758 2411 845 2472 licut
862 2415 971 2494 potiue
990 2413 1167 2474 uloraviam
1184 2432 1327 2494 occupa·

281 2516 374 2576 verit.
427 2515 592 2575 Senianum
608 2513 780 2574 Cluverius
801 2527 891 2595 putat
908 2515 967 2574 ell'e
982 2533 1069 2583 earn.
1095 2533 1175 2596 quae
1190 2513 1329 2579 Caesari

280 2617 322 2678 ‹le
340 2617 378 2677 B.
398 2615 437 2676 (i.
456 2616 488 2684 6,
510 2636 563 2679 ιο.
580 2612 603 2677 f.
621 2613 664 2674 est
677 2613 813 2674 Bacenis
828 2617 861 2674 in
879 2618 1028 2677 extremis
1050 2617 1228 2678 suevorum
1246 2617 1325 2677 lini·

280 2716 357 2788 buo,
392 2717 442 2806 uli
460 2717 589 2796 quidem
613 2716 825 2796 exploratores
843 2737 860 2775 a
878 2715 1009 2778 Caesare
1021 2712 1111 2778 'miffi
1127 2717 1322 2780 retulerant.

280 2819 388 2903 Quare
404 2819 538 2877 dubium
553 2817 605 2878 eu.
648 2817 696 2876 Ex
716 2817 771 2877 suu
790 2819 873 2898 apud
893 2819 1131 2887 Ptolemaeum,
1159 2819 1178 2876 li
1199 2819 1323 2878 eadem

279 2941 356 2982 vere
372 2919 413 2981 eli
428 2921 574 2988 Semuna,
597 2937 695 2998 prope
711 2933 854 2978 montem
870 2919 1065 2980 llllelibucum
1084 2921 1115 2978 in
1133 2919 1322 3003 Thuringia

280 3021 368 3084 luiffe
391 3021 530 3082 videtur.
582 3020 645 3080 Alii
662 3020 768 3080 Salam
790 3021 872 3081 inter
894 3033 927 3079 et
947 3021 1088 3082 Vierrum
1110 3039 1221 3084 amnes
1242 3041 1322 3082 eam

279 3123 491 3190 constituunt,
518 3133 582 3182 eta
599 3120 717 3180 Baceui
734 3120 941 3203 distinguunt.
976 3122 1047 3182 Vid.
1066 3105 1233 3202 Spener'p.
1252 3133 1318 3200 89.

279 3245 306 3288 c.
322 3227 345 3288 l.
368 3213 520 3285 'Ulleriuo
535 3221 577 3282 est
593 3221 688 3280 Luna
703 3221 736 3280 in
752 3222 949 3290 Ptolemaeo,
976 3220 1085 3284 verlue
1096 3223 1319 3288 Pannoniam.

278 3330 436 3408 S‘penerus
451 3345 481 3405 p.
500 3341 558 3402 91.
573 3322 667 3402 pouit
686 3322 720 3382 in
738 3322 903 3392 Morene,
931 3322 1082 3384 Manuert
1096 3343 1129 3405 p.
1145 3335 1228 3399 515.
1244 3343 1273 3385 c.
1291 3325 1317 3388 l.

278 3429 313 3489 in
339 3427 478 3488 confinio
506 3423 645 3485 Aullriue
671 3436 704 3483 et
726 3423 901 3484 Moraviae.
954 3425 1129 3486 Marciana
1154 3422 1245 3507 supra
1271 3425 1319 3487 eu

208 3562 210 3566 ·
279 3539 545 3594 commemorata.
581 3522 704 3603 fuitque
728 3525 760 3583 in
779 3525 894 3584 Suevia
912 3523 1018 3586 verluu
1035 3526 1237 3596 Helvetium,
1265 3527 1319 3586 uti

195 3710 197 3712 Ι
279 3631 467 3712 inlelligilur
481 3647 519 3686 ex
543 3625 606 3684 tali.
623 3625 772 3707 Peuling.
791 3639 823 3703 3.
841 3627 875 3686 A.
901 3625 934 3687 b.
953 3626 1199 3696 scurranum,
1225 3629 1316 3688 uncle

195 3713 205 3732 .
279 3735 378 3795 eliam
401 3747 521 3791 nomen
545 3727 673 3788 derivat
696 3725 884 3796 Cluverius,
920 3726 988 3808 poll
1018 3747 1036 3786 a
1062 3729 1218 3789 Romania
1245 3748 1315 3789 cor·

278 3845 421 3914 ruptum.
472 3829 563 3890 ldam
584 3827 741 3888 tamenin
761 3829 1048 3890 introductione‘in
1065 3829 1181 3912 Geogr.
1199 3849 1239 3890 ex
1259 3830 1315 3892 ed.

280 3933 426 3995 Bunonia
444 3943 476 4008 5.
496 3942 529 4006 5.
544 3949 575 4010 p.
594 3929 673 3992 161.
689 3927 886 3990 Hortianam
904 3927 984 3990 forte
997 3933 1113 3990 rectius
1127 3932 1188 3990 diei
1207 3942 1315 4012 putat.

278 4036 364 4096 Tum
376 4028 466 4122 sclua
484 4026 594 4120 Caejiu
615 4029 648 4092 h.
666 4021 849 4119 Hesenuald
872 4032 906 4090 iu
921 4029 1062 4094 clivenu
1080 4033 1202 4090 Duoatu
1225 4049 1317 4092 com·

278 4145 475 4199 memoratur
501 4149 520 4193 a
544 4131 658 4194 Tacito
681 4135 766 4196 Ana.
796 4151 826 4205 a,
852 4143 911 4209 50.
952 4133 1039 4194 unde
1067 4134 1164 4195 etium
1189 4131 1317 4217 Lipsrue
