2746 4894
277 453 342 526 tot
548 439 706 500 uortu
750 439 1050 498 exueuurcte

361 609 563 706 Ἑσπέρου
587 609 736 702 κέρας)
784 613 995 680 Philostrato·
1017 617 1051 678 iu
1074 617 1140 680 vite
1163 615 1319 703 Apollonii

289 726 323 796 6,
346 745 377 787 t.
393 723 438 783 iu.
464 717 559 804 (eum
580 731 656 778 uote
679 715 817 794 Olearii)
837 713 1005 806 ‘Eeniprue
1035 715 1127 808 κέρας
1147 733 1256 790 vocat,
1285 735 1318 782 ut

289 827 415 888 codices
428 821 524 903 aliqui
540 820 624 902 apud
640 820 739 880 Diod.
759 831 792 898 5.
809 819 868 894 67.
894 834 927 882 et
943 821 1067 883 Pliniue
1078 824 1111 892 6,
1126 835 1185 902 35.
1197 821 1216 883 s.
1227 821 1317 903 5osq.

289 929 344 988 etsi
368 925 536 988 Pintianue
551 941 590 982 ex
609 919 671 982 suit
687 920 851 983 codicibus
866 935 959 984 notet
972 919 1129 1012 Ἑσπέρου
1153 919 1255 1010 κέρας.
1283 925 1318 985 sn

288 1025 383 1090 Mart.
400 1025 480 1108 Cep.
497 1025 531 1088 6.
544 1043 577 1105 p.
601 1021 687 1084 226.
703 1011 868 1114 Hesperon
886 1045 973 1085 euos
988 1025 1092 1088 exstet.
1118 1043 1317 1087 resonem.

287 1130 423 1196 Pliniue,
456 1138 493 1186 ut
516 1123 613 1208 saepe,
644 1124 686 1182 ite
708 1143 836 1205 quoque
858 1123 1014 1186 hiemale
1036 1123 1157 1188 sensum
1179 1129 1319 1190 duetorie

287 1230 385 1294 nostri
406 1226 556 1311 percepit.
609 1223 687 1287 Nou
706 1227 794 1286 euim
813 1246 831 1286 a
852 1225 1079 1310 septemtrione
1100 1228 1133 1289 in
1148 1230 1318 1299 meridiem,

289 1331 341 1394 sed
373 1351 390 1392 a
421 1329 556 1390 meridie
586 1325 845 1408 septemtrionem
879 1327 988 1390 versut
1020 1332 1178 1412 procedit.
1242 1331 1320 1392 Hinc

287 1430 407 1496 sectum
430 1431 490 1500 ess,
520 1443 557 1491 ut
579 1429 633 1491 lib.
653 1441 686 1506 5.
702 1447 769 1510 cap.
789 1449 819 1492 t.
850 1428 1040 1511 Hesperium
1062 1451 1146 1492 cerae
1171 1431 1235 1492 srve
1256 1450 1321 1514 pro·

288 1536 492 1598 murttotiuur
509 1531 620 1593 decem
636 1531 762 1590 dierum
777 1533 983 1614 navigatione
1005 1534 1244 1594 meridionalius
1265 1532 1319 1595 esse

291 1634 419 1704 scribet,
454 1647 546 1714 etque
575 1633 612 1694 fit
638 1626 756 1693 Thetin
777 1631 921 1697 ochema.
972 1633 1082 1696 Multo
1105 1655 1186 1696 vero
1209 1637 1319 1695 reetiue

291 1707 423 1808 Nosse'r,
449 1749 486 1794 ut
503 1755 542 1796 ex
564 1732 631 1817 ipso
653 1733 754 1815 liquet
773 1734 944 1797 Hannone.
997 1735 1051 1796 Est
1071 1755 1149 1798 vero
1172 1731 1319 1819 Ἑσπέρου

289 1833 384 1926 κέρας
404 1838 664 1922 promuntorium
687 1835 765 1896 illud
788 1833 964 1908 famosum,
989 1836 1079 1919 quod
1098 1837 1133 1900 V
1132 1837 1212 1899 iride
1224 1836 1319 1920 appel·

287 1941 383 2004 intur.
444 1937 540 2000 Valde
572 1937 782 1998 hallucinatur
806 1938 989 2008 Salmasius,
1017 1933 1073 2025 [in
1099 1939 1204 2002 Solin.
1226 1959 1257 2022 p.
1278 1957 1319 1999 m.

288 2033 398 2127 9¹5·]
425 2059 498 2101 cutu
515 2038 578 2100 hoc
593 2054 704 2123 neget,
728 2057 763 2099 ec
783 2052 882 2118 ceput
895 2040 1077 2102 Postuertam
1093 2041 1318 2124 interpretatur.

289 2145 340 2206 Eo
357 2146 445 2204 euim
461 2157 561 2222 neque
577 2161 644 2201 uun
660 2141 703 2202 est
718 2141 895 2224 progressue
914 2143 1040 2206 Henuo.
1063 2163 1213 2205 vosetve.
1239 2141 1317 2205 Cum

289 2243 440 2308 Selmesro
464 2257 571 2304 tarueu
597 2239 672 2302 faeie
702 2243 928 2326 Bougeinvisle
950 2245 985 2305 in
1008 2245 1186 2306 Memoiree
1211 2277 1258 2292 ·-
1282 2243 1318 2304 de

287 2347 376 2412 Perit
395 2347 435 2407 T.
457 2345 513 2408 26.
535 2363 567 2426 p.
585 2356 645 2424 41.
682 2345 831 2425 Plerique
854 2339 960 2406 Voffio
985 2343 1219 2407 adsentiuntur.
1251 2345 1318 2405 Her·

290 2449 410 2512 duiuue
424 2447 461 2510 ad
477 2445 565 2528 Ptin.
582 2446 616 2516 6,
634 2457 693 2523 55.
711 2443 733 2508 s.
750 2459 808 2523 30.
833 2443 893 2509 esse
912 2459 1006 2528 putet
1026 2445 1055 2506 le
1076 2445 1149 2528 Cep
1166 2447 1206 2507 de
1225 2447 1318 2508 Sierre

290 2549 417 2618 Leone,
455 2557 538 2608 certe
558 2565 625 2607 non
647 2547 759 2629 procul
778 2547 855 2610 inde
871 2547 958 2611 Pario
972 2549 1007 2610 iu
1027 2547 1207 2613 Memoiree
1219 2581 1269 2596 -
1282 2547 1317 2609 de

288 2650 376 2713 Perit
399 2647 469 2710 Vol.
487 2659 521 2724 7.
539 2667 572 2731 p.
589 2647 649 2725 36.

692 2869 832 2938 cte.
882 2873 923 2938 X.

289 3037 560 3092 nummum
595 3037 710 3088 tutttu
751 3039 798 3088 Ac
839 3039 936 3090 tunc
972 3038 1119 3092 Auem
1159 3037 1318 3090 AETHIO·

487 3143 581 3190 mu
616 3143 663 3189 Ac
696 3141 996 3192 MAunETANIAE
1029 3143 1138 3194 Pons.

392 3313 422 3390 ς.
453 3331 483 3372 ι.
522 3310 546 3372 1
553 3307 653 3391 nde)
690 3305 1159 3402 Respicit‘Eone'pouuipeein
1178 3307 1315 3395 proximo

293 3413 411 3496 capite,
445 3425 478 3472 et
493 3409 533 3472 fic
553 3409 688 3472 Africam
707 3432 724 3472 e
748 3411 972 3495 septemtrione
990 3414 1109 3476 iamed
1127 3415 1316 3476 occidentem

295 3513 440 3576 converti
457 3511 585 3582 indicet.
602 3515 691 3574 cuiue
702 3511 953 3578 srcduuesrontee
967 3513 1050 3580 fecit.
1077 3515 1201 3577 Plinius
1215 3516 1247 3584 6,
1264 3511 1315 3591 36.

295 3612 316 3678 s.
337 3629 395 3694 51.
416 3611 545 3675 diserte:
573 3605 749 3704 Hesperien
767 3635 855 3676 cerus
872 3614 995 3708 confine
1012 3609 1144 3709 Africae
1162 3615 1315 3678 inerrare

294 3717 423 3798 thiopas
441 3705 620 3804 Hesperios.
683 3715 842 3798 Deincepe
860 3717 980 3780 Melum
998 3719 1040 3781 ite
1060 3713 1220 3800 expresstt:
1243 3709 1316 3775 Inde

293 3819 429 3898 primum
445 3817 675 3897 eireur‘nagente
681 3807 721 3907 se
743 3829 829 3879 terra
842 3809 961 3909 fronte
976 3823 1011 3882 in
1027 3809 1171 3912 oceasum
1188 3839 1227 3881 uc
1240 3833 1315 3880 mure

290 3918 499 3982 Atlanticum.

367 4065 613 4150 Atlantico)
663 4069 736 4134 vid.
760 4069 800 4132 ed
827 4091 855 4144 t,
882 4083 913 4153 5.
935 4073 982 4138 iu.
