2746 4894
280 431 347 519 066
553 437 716 501 1101111
752 439 1059 501 nxeorrrcue

281 631 393 704 propr.
413 613 543 678 enimes.
559 633 627 698 rep.
650 625 707 692 15.
730 603 932 705 ὑποπτέρους
939 635 951 691 ;
985 615 1111 700 loseph.
1130 635 1157 678 t.
1176 616 1200 679 l.
1219 637 1310 680 rerer·

282 711 379 793 ννύςς
412 717 531 780 Lucan.
547 713 581 787 6.
597 719 684 792 677.
703 717 847 780 volucres
860 708 1043 810 serpauesr
1072 717 1237 782 Cinerode
1250 732 1308 781 net.

284 821 386 886 Dour.
407 840 438 891 1.
456 815 515 900 36.
537 817 680 880 volucres
699 839 836 902 unguen
868 821 999 884 Soliuue
1012 841 1039 886 e.
1058 834 1116 900 35.
1133 819 1154 881 i
1173 835 1227 902 32.
1245 843 1311 900 peu·

283 933 382 984 notos
401 941 541 1002 augum
571 921 813 987 imminuet
836 923 999 1000 pinnatos.
1040 921 1165 986 Pliniue
1186 941 1236 990 ιο,
1255 933 1310 1000 40.

284 1021 386 1098 [28.
411 1023 595 1106 simpliciter
620 1037 778 1085 memorat
800 1025 950 1105 augrtnrm
976 1023 1167 1094 aduentum,
1201 1037 1236 1083 ut
1255 1026 1310 1095 alii,

283 1126 341 1210 qui
354 1143 474 1210 ruguer
488 1124 527 1186 eb
544 1123 686 1186 ibidibus
699 1124 846 1186 devorari
863 1139 998 1196 narrant.
1016 1127 1049 1187 in
1063 1127 1179 1208 quibus
1189 1126 1314 1190 Diodor.

283 1227 349 1292 sic.
371 1247 398 1298 1,
414 1235 474 1302 87.
508 1223 625 1289 Euseb.
646 1227 687 1288 de
710 1245 815 1310 praep.
838 1227 962 1312 Evaug.
980 1227 1036 1288 lib.
1056 1245 1089 1291 11.
1107 1247 1175 1308 cap.
1196 1249 1224 1287 1.
1248 1227 1312 1287 Plu·

285 1329 383 1392 serub.
404 1329 446 1390 de
468 1324 549 1391 tfide
570 1341 603 1390 et
617 1327 739 1391 Ofiride
753 1349 785 1411 p.
800 1337 885 1410 499.
910 1325 1004 1416 (Vol.
1020 1343 1054 1404 7.
1071 1328 1179 1411 Llps.)
1204 1329 1311 1392 dellau.

285 1429 357 1494 hill.
374 1430 474 1494 enirn.
495 1449 551 1501 ro,
570 1443 628 1509 29.
675 1429 870 1511 Simpliciter
883 1429 1071 1518 Plutrrebue
1084 1433 1201 1494 etiam:
1225 1424 1313 1514 ᾗῖβις

286 1525 526 1599 ineuntium
548 1525 594 1593 rti
613 1525 839 1619 θανατηφόρα
854 1531 921 1595 τῶν
939 1528 1094 1619 ἑρπετῶν.
1133 1532 1244 1596 Strabo
1265 1547 1314 1606 17.

284 1655 318 1720 p.
334 1633 419 1711 566.
436 1630 457 1694 s.
477 1643 562 1712 823.
581 1633 696 1695 utilem
718 1631 779 1696 esse
800 1651 895 1695 avem
920 1635 1015 1706 dicit,
1049 1629 1100 1697 ὅτι
1122 1633 1189 1696 πᾶν
1214 1631 1315 1720 θηρίον

284 1731 413 1820 ἐκλέγει
427 1725 481 1798 καὶ
499 1730 545 1796 τα
561 1726 592 1798 ἐν
612 1733 682 1809 τοῖς
699 1729 929 1822 κρεωαωλείοις
944 1727 998 1808 καὶ
1016 1735 1085 1814 τοῖς
1104 1731 1317 1822 ὀφοπαλείοις

287 1831 579 1926 ἇπαναθαὶρματα.
616 1837 715 1921 Quod
732 1835 916 1899 Herduinue
928 1838 964 1898 ad
978 1837 1062 1901 Pliu.
1085 1855 1140 1909 ro.
1154 1847 1213 1918 40.
1226 1835 1246 1899 s.
1262 1849 1314 1914 13.

284 1952 389 2026 putat.
423 1956 546 2008 omnen,
572 1937 629 2020 qui
653 1939 694 2001 de
719 1937 777 2000 bec
802 1936 928 1999 ibidum
954 1939 1164 2001 devoretione
1190 1951 1315 2009 narrent.

285 2043 404 2106 ducem
429 2039 634 2102 Herodotum
660 2054 693 2111 α,
716 2053 775 2117 75.
801 2037 921 2102 secutor
946 2039 1025 2113 else,
1066 2041 1106 2103 de
1133 2040 1217 2103 Mela
1242 2055 1316 2103 certe

286 2143 427 2208 dublum
449 2141 595 2214 videtur,
626 2141 745 2226 quippe
767 2141 823 2223 qui
843 2159 959 2224 pervoe
979 2161 1036 2206 eoe
1050 2139 1208 2226 serpentes
1225 2140 1316 2212 saciat.
1354 2189 1357 2204 .

287 2265 362 2308 eum
387 2241 574 2307 Herodotue
595 2244 732 2327 plurima
759 2240 939 2326 serpentum
963 2242 1094 2306 illorum
1118 2243 1229 2306 ossele
1248 2249 1317 2307 'con-

286 2343 416 2432 spexisse
442 2341 566 2409 reseret.
619 2341 773 2428 Spectesl'e
805 2357 910 2407 tumen
942 2345 1026 2408 Mela
1052 2346 1182 2408 videtur
1205 2345 1316 2408 Herod.

288 2463 322 2528 3,
344 2461 426 2526 ¹⁰7·
453 2446 510 2508 ubi
532 2445 644 2508 diserte
666 2447 760 2516 dicit.
787 2443 917 2508 eoedem
938 2443 1097 2532 serpente·
1112 2447 1174 2509 esse
1196 2437 1318 2536 μικροὺς

286 2545 334 2615 roi
355 2543 529 2640 μεγάθεα,
561 2561 595 2610 et
616 2541 787 2623 ποικίλους
806 2542 852 2610 rti
874 2540 971 2612 rideo.
1026 2549 1098 2611 Esse
1117 2562 1227 2610 nutem
1250 2549 1317 2610 ulo

286 2649 446 2734 serpente·
469 2648 631 2711 Herodoti
654 2637 827 2715 αὐτόπτου
850 2649 1051 2731 aliorumque
1071 2650 1249 2714 testimonia
1267 2649 1317 2728 du·

285 2753 387 2815 bitere
403 2768 471 2812 non
489 2748 606 2811 sinunt.
642 2749 771 2834 Quibue
787 2751 907 2813 accedit
921 2752 1048 2835 gravius
1064 2771 1103 2813 ex
1123 2753 1222 2814 literis
1238 2751 1317 2814 srcrit

274 2851 346 2918 ¹les.
364 2867 423 2933 3ο,
443 2851 478 2916 6.
510 2850 568 2912 uhi
591 2849 705 2913 diserte
731 2841 850 2947 ῆῌῖἳῧ
878 2841 963 2950 ww.
990 2854 1024 2914 in
1048 2853 1232 2940 Aegyptum
1258 2867 1319 2915 ten·

286 2954 363 3019 dere
386 2953 514 3016 dicitur.
562 2953 768 3016 Alexandrini
788 2939 944 3017 red'dunt:
971 2947 1088 3037 ἔκγονα
1108 2951 1250 3020 ἀσπίδων
1271 2977 1317 3017 πε·

239 3117 241 3123 .
285 3051 443 3146 νομένων.
496 3053 590 3117 Tales
615 3055 721 3139 pluteo
746 3054 904 3138 serpentes
929 3056 1078 3120 conditor
1103 3054 1190 3119 sein
1216 3054 1318 3118 brebie

286 3155 419 3231 vidisse,
452 3173 533 3239 quoe
558 3156 634 3220 iude
660 3157 694 3217 in
719 3157 902 3240 Aegyptum
928 3157 1036 3220 volere
1068 3159 1168 3243 vulgo
1193 3157 1318 3228 trudent,

285 3272 390 3326 1111111
410 3257 515 3322 Belou
537 3277 569 3338 p.
591 3271 673 3338 133.
726 3259 855 3340 Viperae
875 3257 935 3322 else
955 3259 1048 3323 elatus
1069 3259 1264 3324 membrruie
1283 3259 1319 3320 od

286 3363 432 3427 volatum
448 3357 605 3423 iullruetie
626 3371 777 3422 monetur
797 3360 832 3422 iu
847 3360 963 3424 Peulue
977 3361 1167 3446 Sammluug
1181 3361 1238 3423 der
1250 3358 1318 3424 Ilei·

287 3463 340 3528 sen
357 3465 391 3526 in
407 3463 471 3525 den
488 3459 605 3524 Orient
619 3461 661 3524 Τ.
676 3477 708 3525 Ω.
724 3481 757 3544 p.
768 3462 853 3544 264.
878 3461 936 3524 ubi
951 3461 1045 3526 haber
1056 3462 1163 3544 plum
1189 3462 1317 3526 narratio

286 3579 396 3631 eutem
414 3563 506 3635 haec,
533 3575 570 3624 ut
587 3560 739 3634 sabulosa,
762 3563 955 3648 exploditur.
999 3564 1128 3646 Viperur
1144 3565 1241 3626 etiam
1255 3564 1318 3647 qui·

287 3669 363 3734 dem
385 3678 557 3750 potenter
575 3664 743 3728 Herodoto
761 3679 795 3744 3.
815 3679 896 3744 109.
930 3666 986 3748 qui
1004 3677 1111 3727 temen
1138 3660 1271 3750 ἐχίδνας
1288 3675 1318 3726 et

287 3762 395 3854 ὄφιας
413 3767 595 3852 distinguit,
627 3779 660 3830 et
679 3757 784 3849 ὄφιας
803 3766 843 3828 de
865 3765 914 3828 bie
937 3764 1133 3850 serpentibus
1149 3766 1317 3831 constanter

286 3869 426 3954 usurpat.
458 3869 499 3932 At
518 3886 549 3940 o,
565 3868 625 3946 76.
643 3880 769 3930 tentum
782 3869 992 3952 figurumillie
1007 3867 1121 3930 tribuit
1133 3869 1316 3949 viperarum.

287 3973 351 4036 eleo
372 3969 648 4054 vespertilionum.
689 3970 794 4034 Multa
814 3967 902 4033 dubit
918 3968 1064 4034 Bocbut.
1083 3971 1118 4032 in
1133 3969 1317 4036 Hierozoioo

286 4073 327 4139 1².
345 4089 380 4140 11.
396 4073 456 4136 tiu.
473 4085 507 4153 3.
524 4091 593 4158 cup.
615 4085 672 4154 13.
